2639 3798
691 353 874 401 mBER
911 352 1039 401 vm.
1060 378 1132 386 —
1153 352 1445 402 EPISTOLA
1481 363 1570 402 xx.
1807 391 1809 393 .
1836 348 1940 418 287

315 496 560 554 tumultu
602 497 959 567 provenienS,
989 496 1160 550 etiam
1201 496 1247 549 si
1286 496 1542 550 tantillus
1583 496 1656 550 sit
1697 503 1938 566 quantu-

314 583 428 637 lum
461 581 586 637 haec
612 583 945 638 brevissima
971 584 1177 638 lineola
1205 584 1462 652 designet
1487 612 1937 647 ——--———‚

313 670 687 742 praestabilior
727 670 906 725 multo
947 671 1240 742 majorque
1276 678 1362 725 est
1401 688 1574 741 quam
1614 669 1757 724 alius
1795 668 1939 724 adeo

314 759 369 813 in
434 759 682 828 speciem
747 759 970 829 largior,
1034 767 1095 813 ut
1146 759 1197 812 ei
1247 758 1507 813 videatur
1569 757 1938 828 exprimendo

311 852 433 899 tota
472 844 873 914 impendenda,
916 853 1130 915 quanta
1168 853 1506 900 transversae
1544 845 1767 914 paginae
1813 845 1935 898 uni-

313 950 538 986 versum
610 941 866 1003 exaequet
937 932 1203 1003 spatium,
1276 931 1444 1001 hujus
1513 930 1710 984 formae
1788 930 1938 984 linea

384 1104 627 1159 Multum
673 1122 869 1156 vereor
914 1111 975 1156 ut
1021 1102 1331 1173 quidquam
1383 1101 1754 1171 allegatorum
1803 1102 1932 1158 hac-

312 1200 478 1246 tenus
529 1209 562 1244 a
611 1208 702 1243 me
754 1190 994 1244 sufficiat
1046 1191 1367 1243 revocando
1419 1191 1491 1244 ad
1545 1189 1762 1259 frugem
1814 1191 1936 1246 tibi.

316 1278 459 1330 Illud
501 1285 697 1329 tamen
741 1286 796 1329 et
839 1277 975 1339 sci0,
1006 1285 1061 1328 et
1100 1276 1242 1328 scire
1278 1285 1335 1329 te
1372 1276 1579 1344 jubens
1622 1277 1937 1331 certissime

309 1363 601 1428 denuntio,
677 1362 793 1417 fore
846 1362 1080 1417 omnino
1132 1370 1193 1417 ut
1244 1370 1502 1432 tempore
1563 1363 1646 1417 tui
1698 1381 1766 1417 ex
1828 1362 1936 1419 hac

307 1451 423 1505 vita
463 1450 738 1506 transitus
780 1450 984 1505 acriter
1033 1449 1237 1505 horum
1270 1469 1302 1504 a
1344 1458 1401 1504 te
1443 1468 1738 1522 perperam
1782 1458 1936 1506 acto·

312 1556 436 1592 rum
484 1537 835 1592 conscientia
879 1538 1165 1607 pungaris.

384 1625 674 1679 Gonzalus
737 1626 1076 1678 Fernandez
1133 1624 1272 1677 mihi
1329 1624 1552 1679 videtur
1590 1624 1672 1678 tui
1713 1624 1934 1692 similis,
1989 1654 1993 1657 ·

312 1713 564 1776 acerbUS‚
613 1712 917 1775 irritabilis,
966 1712 1299 1781 impatiens;
1371 1730 1486 1765 uno
1532 1713 1703 1766 ambo
1749 1731 1934 1767 exem·

309 1800 399 1868 plo
469 1799 622 1863 facti,
675 1799 998 1869 pariterque
1051 1799 1201 1853 soliti
1258 1799 1551 1852 effrenium
1614 1807 1933 1854 vestrorum

310 1886 611 1939 affectuum
665 1885 1016 1955 intemperiis
1079 1886 1182 1939 zeli
1239 1904 1306 1939 ac
1369 1886 1656 1955 religionis
1720 1888 1935 1957 specio-

308 1991 431 2027 sum
471 1992 680 2028 nomen
720 1974 1047 2028 obtendere.
1111 1975 1416 2043 Magnifica
1454 1993 1661 2043 nempe
1688 1974 1782 2027 illa
1813 1994 1935 2029 ves-

307 2066 393 2112 tra
432 2060 615 2114 oratio
655 2067 767 2113 est:
829 2060 1036 2114 divinae
1074 2060 1267 2130 gloriae
1321 2060 1682 2124 detrimenta,
1734 2061 1935 2116 salutis

307 2146 624 2199 animarum
680 2147 822 2199 ferre
873 2148 1033 2201 taciti
1088 2148 1382 2201 obstacula
1438 2166 1554 2201 non
1607 2166 1932 2216 possumus.

309 2232 456 2301 Quid
494 2234 653 2286 turn?
699 2233 1082 2287 Resarcitisne
1118 2252 1191 2287 an
1228 2234 1529 2287 cumulatis
1569 2235 1781 2288 damna
1820 2235 1931 2289 ista

306 2318 542 2389 strepitu
583 2338 649 2373 ac
683 2319 943 2389 procellis
982 2320 1359 2374 certaminum
1400 2320 1930 2375 odiosissimorum?

310 2407 523 2459 Iterum
576 2407 731 2460 dico:
792 2408 945 2476 quod
997 2406 1317 2461 humilitate
1362 2427 1430 2461 ac
1480 2407 1761 2462 modestia
1815 2426 1932 2462 non

307 2491 742 2563 impetraveritis
783 2512 816 2546 a
861 2494 1256 2564 proepiscopo,
1311 2513 1605 2564 nunquam
1658 2493 1828 2548 minis
1875 2503 1932 2549 et

302 2577 487 2649 jurgio
532 2582 959 2650 extorquebitiS.

379 2666 486 2719 Per
535 2666 810 2736 pietatem
863 2675 919 2722 et
971 2667 1374 2733 obedientiam,
1429 2686 1571 2738 quas
1623 2676 1679 2723 et
1725 2669 1930 2724 debere

307 2750 580 2831 fatemini,
614 2762 671 2809 et
711 2755 945 2809 reddere
986 2746 1124 2810 velle
1167 2774 1281 2809 non
1321 2755 1541 2826 negatis
1583 2755 1738 2810 Patri
1768 2757 1932 2827 Igna·

304 2839 401 2905 tio,
443 2842 698 2896 obtestor
737 2843 937 2896 ambos
975 2861 1095 2907 VOS,
1135 2850 1195 2897 ut
1251 2843 1439 2897 subito
1497 2850 1628 2912 post
1669 2832 1817 2897 hanc
1855 2843 1931 2896 le-

305 2935 455 2981 ctam
502 2930 804 2999 epistolam
851 2931 1072 2983 adeatis
1117 2932 1574 3000 proepiscopum,
1630 2939 1685 2984 et
1730 2930 1933 3000 positis

305 3021 538 3087 uterque
591 3036 783 3072 coram
830 3037 897 3072 eo
943 3017 1100 3072 humi
1146 3018 1400 3087 genibUS,
1446 3018 1672 3071 veniam
1720 3018 1930 3088 suppli-

307 3121 398 3158 ces
444 3107 654 3175 petatis
700 3126 894 3162 eorum
942 3126 1067 3177 quae
1112 3126 1311 3177 parum
1360 3107 1466 3176 ipsi
1512 3115 1673 3177 grata
1716 3106 1929 3162 fecistis
