2639 3798
47 2372 65 2566 *ww-:³11
53 2279 62 2296 ;-.
53 2253 57 2264 A<

703 530 884 568 LIBER
921 530 1024 568 vn.
1046 544 1119 553 —
1139 530 1433 568 EPISTOLA
1473 532 1511 567 1.
1848 531 1917 584 73

304 661 661 719 solviSSemus
711 662 836 729 ipso
888 661 1062 715 natali
1111 664 1168 712 S.
1213 661 1455 732 Joannis
1502 661 1782 728 Baptistae
1827 661 1919 715 die

308 749 436 816 (sub
498 749 848 816 vesperam).
944 747 1187 815 Navigio
1242 748 1390 801 vecti
1448 765 1644 801 sumus
1707 747 1920 801 ethnici

305 834 629 891 mercatoris
682 832 852 898 Sinae,
900 832 995 904 qui
1043 832 1352 886 Malacensi
1397 832 1668 902 praefecto
1713 835 1818 888 nos
1862 834 1920 888 in

301 919 600 996 Japoniam
639 919 1105 974 transmissurum
1146 921 1514 990 promiserat;
1572 939 1640 973 ac
1681 919 1789 974 Dei
1827 919 1920 974 be-

304 1006 500 1064 neficio
556 1005 819 1060 secundis
864 1024 1001 1060 sane
1044 1007 1230 1061 ventis
1275 1007 1362 1060 usi
1415 1024 1629 1061 sumuS.
1708 1009 1920 1061 Verum

307 1099 394 1160 (ut
445 1093 502 1145 in
553 1092 808 1145 barbaris
859 1093 1096 1162 perfidia
1158 1093 1537 1158 dominatur‚)
1605 1093 1923 1148 navarchus

306 1185 521 1234 mutato
572 1179 826 1243 consilio,
879 1179 1143 1233 omittere
1192 1179 1486 1250 Japonicae
1546 1178 1924 1248 navigationis

305 1284 525 1320 cursum
568 1265 758 1334 coepit,
803 1282 868 1320 ac
896 1272 1110 1320 temere
1152 1266 1210 1318 in
1253 1267 1683 1335 occurrentibus
1725 1264 1923 1320 insulis

304 1351 517 1408 terendi
563 1350 837 1421 temporis
881 1352 1064 1421 gratia
1109 1353 1469 1406 commorari.

374 1440 503 1492 Duo
543 1445 723 1502 erant,
752 1454 880 1507 quae
923 1455 1028 1492 nos
1054 1446 1260 1508 praeter
1286 1446 1494 1492 caetera
1521 1438 1925 1495 molestissime

302 1525 633 1579 ferebamus.
713 1523 985 1589 Primum,
1049 1526 1202 1593 quod
1265 1527 1685 1580 secundissimo
1753 1535 1926 1579 vento

303 1611 567 1666 divinitus
606 1611 798 1664 oblato
836 1612 1224 1674 abuteremur3
1267 1611 1364 1681 qui
1395 1612 1441 1665 si
1470 1611 1791 1676 defecisset,
1831 1628 1925 1667 ne-

305 1717 584 1770 quaquam
649 1716 946 1768 possemus
1009 1698 1352 1770 Japonicum
1418 1717 1647 1753 cursum
1711 1706 1924 1763 tenere,

307 1789 402 1841 sed
429 1787 487 1840 in
516 1786 781 1840 Sinarum
817 1786 1025 1839 finibus
1051 1786 1321 1851 hiemare,
1351 1794 1407 1840 et
1440 1787 1706 1840 idoneam
1735 1803 1927 1840 rursus

306 1883 702 1946 tempestatem
785 1882 1082 1945 expectare
1165 1874 1489 1928 necessario
1579 1891 1926 1943 cogeremur.

310 1963 526 2017 Deinde
577 1964 729 2034 quod
774 1963 1150 2016 navicularius
1200 1972 1255 2016 et
1320 1972 1511 2016 nautae
1558 1963 1729 2027 idolo,
1775 1963 1928 2032 quod

308 2069 496 2105 secum
538 2051 667 2106 navi
714 2052 814 2117 (ad
857 2050 1124 2121 puppim)
1170 2049 1471 2115 vehebant,
1518 2049 1733 2120 passim
1763 2050 1928 2105 nobis

307 2140 493 2193 invitis
532 2148 588 2192 et
627 2139 835 2192 frustra
890 2137 1165 2206 impedire
1205 2139 1561 2203 conantibUS,
1602 2139 1923 2193 execranda

307 2225 553 2283 facerent
599 2245 776 2292 sacra,
842 2227 1199 2296 sortibusque
1245 2227 1564 2279 daemonem
1612 2225 1926 2280 identidem

308 2315 682 2377 consulerent,
749 2321 938 2367 utrum
1006 2331 1074 2367 ex
1140 2331 1243 2367 usu
1310 2323 1459 2367 esset
1512 2314 1571 2366 in
1621 2313 1928 2386 Japoniam

308 2417 534 2470 pergere
594 2418 792 2466 necne,
852 2407 908 2453 et
950 2399 1116 2452 simul
1159 2400 1518 2470 exquirerent
1560 2418 1633 2453 an
1678 2402 1932 2453 secunda

310 2488 664 2557 navigatione
708 2504 935 2543 cursum
991 2495 1184 2541 tenere
1234 2506 1560 2558 possemus:
1626 2506 1694 2540 ac
1748 2494 1932 2541 sortes

312 2579 399 2641 (ut
444 2577 549 2648 ipsi
595 2577 853 2640 aiebant)
911 2576 1082 2629 modo
1127 2576 1291 2640 laetae,
1340 2577 1512 2630 modo
1557 2576 1751 2630 tristes
1796 2576 1924 2629 ede-

309 2663 530 2718 bantur.

381 2752 556 2806 Millia
597 2769 866 2823 passuum
923 2758 1180 2804 trecenta
1237 2751 1510 2820 provecti,
1571 2751 1644 2804 ad
1689 2749 1930 2805 insulam

308 2840 612 2907 quamdam
664 2840 1040 2909 applicuimus
1097 2825 1306 2902 navim,
1386 2838 1578 2907 ibique
1630 2837 1931 2892 materiam

308 2933 476 2996 atque
527 2934 883 2980 armamenta
935 2926 1391 2994 comparavimus
1444 2928 1723 2979 adversus
1784 2932 1933 2979 atro-

310 3012 568 3067 cissimas
615 3015 790 3067 Sinici
837 3014 1008 3066 maris
1059 3020 1453 3082 tempestates,
1534 3013 1677 3065 Inde
1726 3012 1802 3065 illi
1848 3030 1933 3066 sa-

310 3099 532 3154 crificiis
571 3101 761 3154 multis
801 3100 1191 3170 superstitiose
1251 3100 1416 3153 factis
1456 3100 1793 3169 eductisque
1839 3100 1933 3152 de-

312 3202 424 3238 nuo
465 3187 730 3251 sortibuS‚
774 3187 1049 3242 sciscitari
1087 3206 1154 3241 ex
1191 3188 1452 3241 daemone
1514 3194 1704 3240 utrum
1745 3185 1935 3240 ventis

313 3275 578 3327 secundis
629 3275 781 3328 usuri
833 3293 1104 3328 essemus,
1204 3272 1376 3328 Forte
1429 3291 1551 3327 sors
1602 3273 1754 3337 exiit,
1808 3289 1934 3343 quae
