<?xml version="1.0" encoding="UTF-8"?>
<!DOCTYPE html PUBLIC "-//W3C//DTD XHTML 1.0 Transitional//EN"
    "http://www.w3.org/TR/xhtml1/DTD/xhtml1-transitional.dtd">
<html xmlns="http://www.w3.org/1999/xhtml" xml:lang="en" lang="en">
 <head>
  <title>
</title>
<meta http-equiv="Content-Type" content="text/html;charset=utf-8" />
  <meta name='ocr-system' content='tesseract 3.04.00' />
  <meta name='ocr-capabilities' content='ocr_page ocr_carea ocr_par ocr_line ocrx_word'/>
</head>
<body>
  <div class='ocr_page' id='page_1' title='image "./pts_epistolae_3720-0638_v2/pts_epistolae_3720-0638_v2_0404.png"; bbox 0 0 2639 3798; ppageno 0'>
   <div class='ocr_carea' id='block_1_1' title="bbox 600 362 1842 419">
    <p class='ocr_par' dir='ltr' id='par_1_1' title="bbox 600 362 1842 419">
     <span class='ocr_line' id='line_1_1' title="bbox 600 362 1842 419; baseline 0.006 -20"><span class='ocrx_word' id='word_1_1' title='bbox 600 362 784 400; x_wconf 89' lang='lat' dir='ltr'>LIBER</span> <span class='ocrx_word' id='word_1_2' title='bbox 824 363 900 401; x_wconf 90' lang='lat' dir='ltr'>IX.</span> <span class='ocrx_word' id='word_1_3' title='bbox 922 377 995 387; x_wconf 82' lang='grc'>-·</span> <span class='ocrx_word' id='word_1_4' title='bbox 1015 364 1308 401; x_wconf 86' lang='lat' dir='ltr'>EPISTOLA</span> <span class='ocrx_word' id='word_1_5' title='bbox 1350 364 1451 401; x_wconf 91' lang='lat' dir='ltr'>XII.</span> <span class='ocrx_word' id='word_1_6' title='bbox 1737 367 1842 419; x_wconf 80' lang='grc'>393</span> 
     </span>
    </p>
   </div>
   <div class='ocr_carea' id='block_1_2' title="bbox 170 498 1848 3094">
    <p class='ocr_par' dir='ltr' id='par_1_2' title="bbox 210 498 1846 1262">
     <span class='ocr_line' id='line_1_2' title="bbox 213 498 1843 567; baseline -0.001 -12"><span class='ocrx_word' id='word_1_7' title='bbox 213 503 435 555; x_wconf 86' lang='lat' dir='ltr'>deserta</span> <span class='ocrx_word' id='word_1_8' title='bbox 480 498 668 567; x_wconf 88' lang='lat' dir='ltr'>aliqua</span> <span class='ocrx_word' id='word_1_9' title='bbox 715 499 898 552; x_wconf 86' lang='lat' dir='ltr'>insula</span> <span class='ocrx_word' id='word_1_10' title='bbox 944 518 1048 553; x_wconf 90' lang='lat' dir='ltr'>nos</span> <span class='ocrx_word' id='word_1_11' title='bbox 1095 500 1388 563; x_wconf 88' lang='lat' dir='ltr'>destituat,</span> <span class='ocrx_word' id='word_1_12' title='bbox 1438 508 1536 553; x_wconf 89' lang='lat' dir='ltr'>aut</span> <span class='ocrx_word' id='word_1_13' title='bbox 1583 500 1640 552; x_wconf 93' lang='lat' dir='ltr'>in</span> <span class='ocrx_word' id='word_1_14' title='bbox 1687 518 1843 553; x_wconf 89' lang='lat' dir='ltr'>mare</span> 
     </span>
     <span class='ocr_line' id='line_1_3' title="bbox 212 584 1842 656; baseline -0.001 -14"><span class='ocrx_word' id='word_1_15' title='bbox 212 585 470 642; x_wconf 84' lang='lat' dir='ltr'><strong>deturbet</strong></span> <span class='ocrx_word' id='word_1_16' title='bbox 513 584 592 637; x_wconf 92' lang='lat' dir='ltr'>rei</span> <span class='ocrx_word' id='word_1_17' title='bbox 635 584 990 640; x_wconf 90' lang='lat' dir='ltr'>occultandae</span> <span class='ocrx_word' id='word_1_18' title='bbox 1033 585 1214 656; x_wconf 85' lang='lat' dir='ltr'>gratia</span> <span class='ocrx_word' id='word_1_19' title='bbox 1229 603 1242 648; x_wconf 89' lang='lat'>;</span> <span class='ocrx_word' id='word_1_20' title='bbox 1291 585 1550 650; x_wconf 87' lang='lat' dir='ltr'>alterum,</span> <span class='ocrx_word' id='word_1_21' title='bbox 1600 585 1647 639; x_wconf 90' lang='lat' dir='ltr'>si</span> <span class='ocrx_word' id='word_1_22' title='bbox 1693 587 1842 641; x_wconf 86' lang='lat' dir='ltr'>Can-</span> 
     </span>
     <span class='ocr_line' id='line_1_4' title="bbox 211 672 1843 742; baseline -0.002 -12"><span class='ocrx_word' id='word_1_23' title='bbox 211 683 402 730; x_wconf 89' lang='lat' dir='ltr'>tonem</span> <span class='ocrx_word' id='word_1_24' title='bbox 446 672 668 726; x_wconf 82' lang='lat' dir='ltr'>devecti</span> <span class='ocrx_word' id='word_1_25' title='bbox 714 672 942 737; x_wconf 80' lang='lat' dir='ltr'>erimUS,</span> <span class='ocrx_word' id='word_1_26' title='bbox 989 691 1061 727; x_wconf 88' lang='lat' dir='ltr'>ne</span> <span class='ocrx_word' id='word_1_27' title='bbox 1107 672 1408 742; x_wconf 86' lang='lat' dir='ltr'>praefectus</span> <span class='ocrx_word' id='word_1_28' title='bbox 1453 673 1607 726; x_wconf 89' lang='lat' dir='ltr'>urbis</span> <span class='ocrx_word' id='word_1_29' title='bbox 1649 673 1843 726; x_wconf 86' lang='lat' dir='ltr'>omnia</span> 
     </span>
     <span class='ocr_line' id='line_1_5' title="bbox 210 757 1841 829; baseline -0.003 -12"><span class='ocrx_word' id='word_1_30' title='bbox 210 763 264 817; x_wconf 92' lang='lat' dir='ltr'>in</span> <span class='ocrx_word' id='word_1_31' title='bbox 317 777 422 813; x_wconf 90' lang='lat' dir='ltr'>nos</span> <span class='ocrx_word' id='word_1_32' title='bbox 474 757 733 829; x_wconf 85' lang='lat' dir='ltr'>exempla</span> <span class='ocrx_word' id='word_1_33' title='bbox 785 766 841 813; x_wconf 89' lang='lat' dir='ltr'>et</span> <span class='ocrx_word' id='word_1_34' title='bbox 895 759 1180 814; x_wconf 86' lang='lat' dir='ltr'>cruciatus</span> <span class='ocrx_word' id='word_1_35' title='bbox 1226 760 1378 824; x_wconf 87' lang='lat' dir='ltr'>edat,</span> <span class='ocrx_word' id='word_1_36' title='bbox 1434 766 1532 813; x_wconf 92' lang='lat' dir='ltr'>aut</span> <span class='ocrx_word' id='word_1_37' title='bbox 1579 766 1731 813; x_wconf 87' lang='lat' dir='ltr'>certe</span> <span class='ocrx_word' id='word_1_38' title='bbox 1784 759 1841 812; x_wconf 91' lang='lat' dir='ltr'>in</span> 
     </span>
     <span class='ocr_line' id='line_1_6' title="bbox 211 846 1841 919; baseline -0.001 -17"><span class='ocrx_word' id='word_1_39' title='bbox 211 854 539 919; x_wconf 90' lang='lat' dir='ltr'>perpetuam</span> <span class='ocrx_word' id='word_1_40' title='bbox 583 846 803 915; x_wconf 86' lang='lat' dir='ltr'>redigat</span> <span class='ocrx_word' id='word_1_41' title='bbox 847 847 1208 902; x_wconf 86' lang='lat' dir='ltr'>servitutem:</span> <span class='ocrx_word' id='word_1_42' title='bbox 1258 847 1467 916; x_wconf 90' lang='lat' dir='ltr'>quippe</span> <span class='ocrx_word' id='word_1_43' title='bbox 1511 864 1642 901; x_wconf 91' lang='lat' dir='ltr'>curn</span> <span class='ocrx_word' id='word_1_44' title='bbox 1686 864 1841 916; x_wconf 89' lang='lat' dir='ltr'>pere-</span> 
     </span>
     <span class='ocr_line' id='line_1_7' title="bbox 211 932 1846 1007; baseline -0.001 -19"><span class='ocrx_word' id='word_1_45' title='bbox 211 934 383 1007; x_wconf 87' lang='lat' dir='ltr'>grinis</span> <span class='ocrx_word' id='word_1_46' title='bbox 417 934 475 987; x_wconf 91' lang='lat' dir='ltr'>in</span> <span class='ocrx_word' id='word_1_47' title='bbox 506 933 771 986; x_wconf 87' lang='lat' dir='ltr'>Sinarum</span> <span class='ocrx_word' id='word_1_48' title='bbox 806 953 1043 1004; x_wconf 89' lang='lat' dir='ltr'>regnum</span> <span class='ocrx_word' id='word_1_49' title='bbox 1078 934 1200 986; x_wconf 88' lang='lat' dir='ltr'>sine</span> <span class='ocrx_word' id='word_1_50' title='bbox 1233 933 1343 986; x_wconf 91' lang='lat' dir='ltr'>fide</span> <span class='ocrx_word' id='word_1_51' title='bbox 1371 932 1598 1003; x_wconf 89' lang='lat' dir='ltr'>publica</span> <span class='ocrx_word' id='word_1_52' title='bbox 1631 932 1846 987; x_wconf 85' lang='lat' dir='ltr'>intrare</span> 
     </span>
     <span class='ocr_line' id='line_1_8' title="bbox 211 1021 1842 1090; baseline -0.001 -14"><span class='ocrx_word' id='word_1_53' title='bbox 211 1021 450 1090; x_wconf 87' lang='lat' dir='ltr'>capitale</span> <span class='ocrx_word' id='word_1_54' title='bbox 503 1021 595 1075; x_wconf 86' lang='lat' dir='ltr'>sit.</span> <span class='ocrx_word' id='word_1_55' title='bbox 673 1023 887 1073; x_wconf 89' lang='lat' dir='ltr'>Verum</span> <span class='ocrx_word' id='word_1_56' title='bbox 941 1022 1051 1074; x_wconf 90' lang='lat' dir='ltr'>alia</span> <span class='ocrx_word' id='word_1_57' title='bbox 1102 1029 1379 1090; x_wconf 83' lang='lat' dir='ltr'>praeterea</span> <span class='ocrx_word' id='word_1_58' title='bbox 1430 1021 1681 1089; x_wconf 89' lang='lat' dir='ltr'>pericula</span> <span class='ocrx_word' id='word_1_59' title='bbox 1739 1022 1842 1074; x_wconf 91' lang='lat' dir='ltr'>im-</span> 
     </span>
     <span class='ocr_line' id='line_1_9' title="bbox 210 1106 1843 1178; baseline -0.001 -16"><span class='ocrx_word' id='word_1_60' title='bbox 210 1108 457 1178; x_wconf 88' lang='lat' dir='ltr'>pendent</span> <span class='ocrx_word' id='word_1_61' title='bbox 498 1106 808 1161; x_wconf 83' lang='lat' dir='ltr'>occultiora</span> <span class='ocrx_word' id='word_1_62' title='bbox 849 1107 1128 1177; x_wconf 85' lang='lat' dir='ltr'>longeque</span> <span class='ocrx_word' id='word_1_63' title='bbox 1171 1108 1406 1177; x_wconf 88' lang='lat' dir='ltr'>majora,</span> <span class='ocrx_word' id='word_1_64' title='bbox 1445 1125 1572 1177; x_wconf 88' lang='lat' dir='ltr'>quae</span> <span class='ocrx_word' id='word_1_65' title='bbox 1610 1125 1843 1177; x_wconf 84' lang='lat' dir='ltr'>percen-</span> 
     </span>
     <span class='ocr_line' id='line_1_10' title="bbox 212 1192 1842 1262; baseline 0 -15"><span class='ocrx_word' id='word_1_66' title='bbox 212 1212 328 1247; x_wconf 85' lang='lat' dir='ltr'>sere</span> <span class='ocrx_word' id='word_1_67' title='bbox 355 1193 589 1262; x_wconf 87' lang='lat' dir='ltr'>longum</span> <span class='ocrx_word' id='word_1_68' title='bbox 618 1200 785 1254; x_wconf 84' lang='lat' dir='ltr'>esset3</span> <span class='ocrx_word' id='word_1_69' title='bbox 823 1211 1005 1261; x_wconf 89' lang='lat' dir='ltr'>pauca</span> <span class='ocrx_word' id='word_1_70' title='bbox 1031 1201 1228 1246; x_wconf 91' lang='lat' dir='ltr'>tamen</span> <span class='ocrx_word' id='word_1_71' title='bbox 1258 1212 1288 1246; x_wconf 92' lang='lat' dir='ltr'>e</span> <span class='ocrx_word' id='word_1_72' title='bbox 1318 1192 1512 1246; x_wconf 84' lang='lat' dir='ltr'>multis</span> <span class='ocrx_word' id='word_1_73' title='bbox 1539 1210 1842 1262; x_wconf 85' lang='lat' dir='ltr'>exponam.</span> 
     </span>
    </p>

    <p class='ocr_par' dir='ltr' id='par_1_3' title="bbox 211 1278 1842 2220">
     <span class='ocr_line' id='line_1_11' title="bbox 281 1278 1842 1347; baseline 0.001 -15"><span class='ocrx_word' id='word_1_74' title='bbox 281 1279 536 1332; x_wconf 90' lang='lat' dir='ltr'>Primum</span> <span class='ocrx_word' id='word_1_75' title='bbox 566 1279 737 1347; x_wconf 86' lang='lat' dir='ltr'>igitur</span> <span class='ocrx_word' id='word_1_76' title='bbox 762 1279 1076 1347; x_wconf 90' lang='lat' dir='ltr'>periculum</span> <span class='ocrx_word' id='word_1_77' title='bbox 1106 1287 1191 1332; x_wconf 91' lang='lat' dir='ltr'>est</span> <span class='ocrx_word' id='word_1_78' title='bbox 1220 1278 1427 1332; x_wconf 85' lang='lat' dir='ltr'>divinae</span> <span class='ocrx_word' id='word_1_79' title='bbox 1459 1279 1842 1334; x_wconf 66' lang='lat' dir='ltr'>Providentiae</span> 
     </span>
     <span class='ocr_line' id='line_1_12' title="bbox 211 1363 1842 1435; baseline -0.001 -15"><span class='ocrx_word' id='word_1_80' title='bbox 211 1387 273 1420; x_wconf 86' lang='lat' dir='ltr'>ac</span> <span class='ocrx_word' id='word_1_81' title='bbox 304 1365 644 1435; x_wconf 82' lang='lat' dir='ltr'>benignitati</span> <span class='ocrx_word' id='word_1_82' title='bbox 673 1365 943 1428; x_wconf 86' lang='lat' dir='ltr'>diffidere,</span> <span class='ocrx_word' id='word_1_83' title='bbox 979 1385 1109 1417; x_wconf 90' lang='lat' dir='ltr'>cum</span> <span class='ocrx_word' id='word_1_84' title='bbox 1138 1363 1452 1433; x_wconf 80' lang='lat' dir='ltr'>praesertim</span> <span class='ocrx_word' id='word_1_85' title='bbox 1486 1365 1612 1417; x_wconf 90' lang='lat' dir='ltr'>Deo</span> <span class='ocrx_word' id='word_1_86' title='bbox 1647 1372 1842 1418; x_wconf 88' lang='lat' dir='ltr'>aucto-</span> 
     </span>
     <span class='ocr_line' id='line_1_13' title="bbox 212 1451 1838 1523; baseline -0.002 -14"><span class='ocrx_word' id='word_1_87' title='bbox 212 1472 265 1509; x_wconf 90' lang='lat' dir='ltr'>re</span> <span class='ocrx_word' id='word_1_88' title='bbox 297 1455 531 1523; x_wconf 84' lang='lat' dir='ltr'>ejusque</span> <span class='ocrx_word' id='word_1_89' title='bbox 560 1453 728 1507; x_wconf 89' lang='lat' dir='ltr'>unius</span> <span class='ocrx_word' id='word_1_90' title='bbox 756 1469 928 1506; x_wconf 88' lang='lat' dir='ltr'>causa</span> <span class='ocrx_word' id='word_1_91' title='bbox 956 1452 1066 1506; x_wconf 93' lang='lat' dir='ltr'>huc</span> <span class='ocrx_word' id='word_1_92' title='bbox 1100 1451 1510 1515; x_wconf 89' lang='lat' dir='ltr'>contenderim,</span> <span class='ocrx_word' id='word_1_93' title='bbox 1546 1470 1614 1505; x_wconf 91' lang='lat' dir='ltr'>eo</span> <span class='ocrx_word' id='word_1_94' title='bbox 1656 1453 1838 1506; x_wconf 88' lang='lat' dir='ltr'>consi-</span> 
     </span>
     <span class='ocr_line' id='line_1_14' title="bbox 212 1537 1839 1608; baseline -0.001 -14"><span class='ocrx_word' id='word_1_95' title='bbox 212 1540 281 1594; x_wconf 91' lang='lat' dir='ltr'>lio</span> <span class='ocrx_word' id='word_1_96' title='bbox 321 1547 383 1594; x_wconf 85' lang='lat' dir='ltr'>ut</span> <span class='ocrx_word' id='word_1_97' title='bbox 430 1539 561 1593; x_wconf 90' lang='lat' dir='ltr'>huic</span> <span class='ocrx_word' id='word_1_98' title='bbox 606 1538 761 1608; x_wconf 87' lang='lat' dir='ltr'>genti</span> <span class='ocrx_word' id='word_1_99' title='bbox 806 1538 1176 1608; x_wconf 87' lang='lat' dir='ltr'>praedicarem</span> <span class='ocrx_word' id='word_1_100' title='bbox 1221 1537 1644 1592; x_wconf 85' lang='lat' dir='ltr'>sanctissimam</span> <span class='ocrx_word' id='word_1_101' title='bbox 1691 1538 1839 1593; x_wconf 89' lang='lat' dir='ltr'>illius</span> 
     </span>
     <span class='ocr_line' id='line_1_15' title="bbox 211 1624 1837 1697; baseline -0.001 -17"><span class='ocrx_word' id='word_1_102' title='bbox 211 1628 407 1697; x_wconf 86' lang='lat' dir='ltr'>legem,</span> <span class='ocrx_word' id='word_1_103' title='bbox 447 1635 618 1696; x_wconf 89' lang='lat' dir='ltr'>atque</span> <span class='ocrx_word' id='word_1_104' title='bbox 650 1626 881 1679; x_wconf 90' lang='lat' dir='ltr'>unicum</span> <span class='ocrx_word' id='word_1_105' title='bbox 912 1625 1121 1677; x_wconf 90' lang='lat' dir='ltr'>Filium</span> <span class='ocrx_word' id='word_1_106' title='bbox 1147 1626 1345 1696; x_wconf 88' lang='lat' dir='ltr'>Jesum</span> <span class='ocrx_word' id='word_1_107' title='bbox 1376 1624 1671 1678; x_wconf 86' lang='lat' dir='ltr'>Christum</span> <span class='ocrx_word' id='word_1_108' title='bbox 1705 1644 1837 1679; x_wconf 90' lang='lat' dir='ltr'>nos-</span> 
     </span>
     <span class='ocr_line' id='line_1_16' title="bbox 211 1715 1837 1783; baseline -0.001 -15"><span class='ocrx_word' id='word_1_109' title='bbox 211 1723 308 1769; x_wconf 87' lang='lat' dir='ltr'>trae</span> <span class='ocrx_word' id='word_1_110' title='bbox 349 1715 547 1768; x_wconf 86' lang='lat' dir='ltr'>salutis</span> <span class='ocrx_word' id='word_1_111' title='bbox 587 1723 898 1768; x_wconf 89' lang='lat' dir='ltr'>auctorem.</span> <span class='ocrx_word' id='word_1_112' title='bbox 980 1716 1181 1783; x_wconf 88' lang='lat' dir='ltr'>Itaque</span> <span class='ocrx_word' id='word_1_113' title='bbox 1230 1732 1360 1766; x_wconf 91' lang='lat' dir='ltr'>cum</span> <span class='ocrx_word' id='word_1_114' title='bbox 1412 1715 1532 1782; x_wconf 89' lang='lat' dir='ltr'>ipse</span> <span class='ocrx_word' id='word_1_115' title='bbox 1582 1733 1686 1783; x_wconf 93' lang='lat' dir='ltr'>pro</span> <span class='ocrx_word' id='word_1_116' title='bbox 1735 1733 1837 1767; x_wconf 87' lang='lat' dir='ltr'>sua</span> 
     </span>
     <span class='ocr_line' id='line_1_17' title="bbox 211 1800 1833 1872; baseline -0.001 -16"><span class='ocrx_word' id='word_1_117' title='bbox 211 1803 558 1872; x_wconf 86' lang='lat' dir='ltr'>benignitate</span> <span class='ocrx_word' id='word_1_118' title='bbox 615 1801 763 1855; x_wconf 90' lang='lat' dir='ltr'>hanc</span> <span class='ocrx_word' id='word_1_119' title='bbox 816 1801 980 1854; x_wconf 90' lang='lat' dir='ltr'>nobis</span> <span class='ocrx_word' id='word_1_120' title='bbox 1039 1808 1290 1854; x_wconf 90' lang='lat' dir='ltr'>mentem</span> <span class='ocrx_word' id='word_1_121' title='bbox 1349 1800 1625 1869; x_wconf 87' lang='lat' dir='ltr'>injecerit,</span> <span class='ocrx_word' id='word_1_122' title='bbox 1682 1820 1833 1856; x_wconf 89' lang='lat' dir='ltr'>nunc</span> 
     </span>
     <span class='ocr_line' id='line_1_18' title="bbox 213 1888 1832 1959; baseline 0 -15"><span class='ocrx_word' id='word_1_123' title='bbox 213 1892 278 1944; x_wconf 93' lang='lat' dir='ltr'>de</span> <span class='ocrx_word' id='word_1_124' title='bbox 330 1891 452 1959; x_wconf 90' lang='lat' dir='ltr'>ejus</span> <span class='ocrx_word' id='word_1_125' title='bbox 505 1909 612 1958; x_wconf 91' lang='lat' dir='ltr'>ope</span> <span class='ocrx_word' id='word_1_126' title='bbox 663 1908 730 1943; x_wconf 92' lang='lat' dir='ltr'>ac</span> <span class='ocrx_word' id='word_1_127' title='bbox 781 1889 1064 1958; x_wconf 84' lang='lat' dir='ltr'>praesidiO,</span> <span class='ocrx_word' id='word_1_128' title='bbox 1115 1896 1349 1957; x_wconf 92' lang='lat' dir='ltr'>propter</span> <span class='ocrx_word' id='word_1_129' title='bbox 1402 1888 1652 1957; x_wconf 89' lang='lat' dir='ltr'>pericula</span> <span class='ocrx_word' id='word_1_130' title='bbox 1706 1909 1832 1959; x_wconf 88' lang='lat' dir='ltr'>quae</span> 
     </span>
     <span class='ocr_line' id='line_1_19' title="bbox 212 1975 1836 2045; baseline 0 -14"><span class='ocrx_word' id='word_1_131' title='bbox 212 1995 266 2030; x_wconf 86' lang='lat' dir='ltr'>se</span> <span class='ocrx_word' id='word_1_132' title='bbox 329 1978 589 2041; x_wconf 79' lang='lat' dir='ltr'>offerunt,</span> <span class='ocrx_word' id='word_1_133' title='bbox 653 1976 932 2039; x_wconf 89' lang='lat' dir='ltr'>dubitare,</span> <span class='ocrx_word' id='word_1_134' title='bbox 996 1976 1180 2044; x_wconf 91' lang='lat' dir='ltr'>majus</span> <span class='ocrx_word' id='word_1_135' title='bbox 1241 1975 1436 2045; x_wconf 88' lang='lat' dir='ltr'>utique</span> <span class='ocrx_word' id='word_1_136' title='bbox 1498 1994 1564 2029; x_wconf 88' lang='lat' dir='ltr'>ac</span> <span class='ocrx_word' id='word_1_137' title='bbox 1627 1977 1836 2031; x_wconf 87' lang='lat' dir='ltr'>certius</span> 
     </span>
     <span class='ocr_line' id='line_1_20' title="bbox 211 2061 1842 2133; baseline 0.002 -16"><span class='ocrx_word' id='word_1_138' title='bbox 211 2062 518 2132; x_wconf 89' lang='lat' dir='ltr'>periculum</span> <span class='ocrx_word' id='word_1_139' title='bbox 578 2071 745 2126; x_wconf 87' lang='lat' dir='ltr'>esset,</span> <span class='ocrx_word' id='word_1_140' title='bbox 812 2080 983 2132; x_wconf 90' lang='lat' dir='ltr'>quam</span> <span class='ocrx_word' id='word_1_141' title='bbox 1044 2061 1331 2131; x_wconf 88' lang='lat' dir='ltr'>quidquid</span> <span class='ocrx_word' id='word_1_142' title='bbox 1382 2063 1546 2117; x_wconf 89' lang='lat' dir='ltr'>nobis</span> <span class='ocrx_word' id='word_1_143' title='bbox 1603 2064 1842 2133; x_wconf 90' lang='lat' dir='ltr'>periculi</span> 
     </span>
     <span class='ocr_line' id='line_1_21' title="bbox 211 2149 1241 2220; baseline -0.002 -16"><span class='ocrx_word' id='word_1_144' title='bbox 211 2151 327 2220; x_wconf 88' lang='lat' dir='ltr'>ejus</span> <span class='ocrx_word' id='word_1_145' title='bbox 378 2151 576 2205; x_wconf 85' lang='lat' dir='ltr'>hostes</span> <span class='ocrx_word' id='word_1_146' title='bbox 627 2158 869 2220; x_wconf 88' lang='lat' dir='ltr'>possunt</span> <span class='ocrx_word' id='word_1_147' title='bbox 923 2149 1241 2203; x_wconf 89' lang='lat' dir='ltr'>intendere.</span> 
     </span>
    </p>

    <p class='ocr_par' dir='ltr' id='par_1_4' title="bbox 170 2237 1848 3094">
     <span class='ocr_line' id='line_1_22' title="bbox 281 2237 1848 2307; baseline 0.002 -15"><span class='ocrx_word' id='word_1_148' title='bbox 281 2239 515 2293; x_wconf 89' lang='lat' dir='ltr'>Etenim</span> <span class='ocrx_word' id='word_1_149' title='bbox 569 2256 753 2307; x_wconf 88' lang='lat' dir='ltr'>neque</span> <span class='ocrx_word' id='word_1_150' title='bbox 806 2237 1016 2290; x_wconf 86' lang='lat' dir='ltr'>diaboli</span> <span class='ocrx_word' id='word_1_151' title='bbox 1072 2256 1253 2306; x_wconf 89' lang='lat' dir='ltr'>neque</span> <span class='ocrx_word' id='word_1_152' title='bbox 1308 2256 1504 2290; x_wconf 90' lang='lat' dir='ltr'>eorum</span> <span class='ocrx_word' id='word_1_153' title='bbox 1571 2240 1848 2296; x_wconf 86' lang='lat' dir='ltr'>satellites</span> 
     </span>
     <span class='ocr_line' id='line_1_23' title="bbox 170 2316 1842 2396; baseline 0.002 -18"><span class='ocrx_word' id='word_1_154' title='bbox 170 2316 172 2318; x_wconf 36' lang='lat'>¹</span> <span class='ocrx_word' id='word_1_155' title='bbox 212 2332 376 2395; x_wconf 88' lang='lat' dir='ltr'>atque</span> <span class='ocrx_word' id='word_1_156' title='bbox 422 2324 744 2380; x_wconf 87' lang='lat' dir='ltr'>administri</span> <span class='ocrx_word' id='word_1_157' title='bbox 791 2324 1103 2395; x_wconf 91' lang='lat' dir='ltr'>quidquam</span> <span class='ocrx_word' id='word_1_158' title='bbox 1149 2342 1351 2377; x_wconf 88' lang='lat' dir='ltr'>nocere</span> <span class='ocrx_word' id='word_1_159' title='bbox 1396 2325 1560 2378; x_wconf 91' lang='lat' dir='ltr'>nobis</span> <span class='ocrx_word' id='word_1_160' title='bbox 1603 2335 1842 2396; x_wconf 88' lang='lat' dir='ltr'>queunt,</span> 
     </span>
     <span class='ocr_line' id='line_1_24' title="bbox 214 2411 1844 2484; baseline 0.003 -20"><span class='ocrx_word' id='word_1_161' title='bbox 214 2412 314 2465; x_wconf 87' lang='lat' dir='ltr'>nisi</span> <span class='ocrx_word' id='word_1_162' title='bbox 346 2413 624 2483; x_wconf 88' lang='lat' dir='ltr'>permissu</span> <span class='ocrx_word' id='word_1_163' title='bbox 657 2411 1030 2482; x_wconf 85' lang='lat' dir='ltr'>praepotentis</span> <span class='ocrx_word' id='word_1_164' title='bbox 1061 2411 1186 2464; x_wconf 91' lang='lat' dir='ltr'>Dei.</span> <span class='ocrx_word' id='word_1_165' title='bbox 1267 2411 1378 2480; x_wconf 72' lang='lat' dir='ltr'>Qui</span> <span class='ocrx_word' id='word_1_166' title='bbox 1418 2411 1464 2464; x_wconf 89' lang='lat' dir='ltr'>si</span> <span class='ocrx_word' id='word_1_167' title='bbox 1499 2413 1664 2466; x_wconf 91' lang='lat' dir='ltr'>nobis</span> <span class='ocrx_word' id='word_1_168' title='bbox 1703 2432 1844 2484; x_wconf 89' lang='lat' dir='ltr'>prae·</span> 
     </span>
     <span class='ocr_line' id='line_1_25' title="bbox 214 2498 1841 2571; baseline 0.003 -20"><span class='ocrx_word' id='word_1_169' title='bbox 214 2501 352 2554; x_wconf 88' lang='lat' dir='ltr'>sidio</span> <span class='ocrx_word' id='word_1_170' title='bbox 393 2502 483 2565; x_wconf 89' lang='lat' dir='ltr'>sit,</span> <span class='ocrx_word' id='word_1_171' title='bbox 526 2519 698 2571; x_wconf 91' lang='lat' dir='ltr'>quam</span> <span class='ocrx_word' id='word_1_172' title='bbox 741 2499 903 2552; x_wconf 90' lang='lat' dir='ltr'>facile</span> <span class='ocrx_word' id='word_1_173' title='bbox 942 2499 1136 2551; x_wconf 91' lang='lat' dir='ltr'>omnia</span> <span class='ocrx_word' id='word_1_174' title='bbox 1175 2498 1424 2567; x_wconf 89' lang='lat' dir='ltr'>pericula</span> <span class='ocrx_word' id='word_1_175' title='bbox 1465 2500 1841 2569; x_wconf 89' lang='lat' dir='ltr'>propulsabit.</span> 
     </span>
     <span class='ocr_line' id='line_1_26' title="bbox 216 2586 1844 2656; baseline 0.002 -17"><span class='ocrx_word' id='word_1_176' title='bbox 216 2587 340 2641; x_wconf 92' lang='lat' dir='ltr'>Huc</span> <span class='ocrx_word' id='word_1_177' title='bbox 398 2588 638 2651; x_wconf 90' lang='lat' dir='ltr'>accedit,</span> <span class='ocrx_word' id='word_1_178' title='bbox 702 2588 856 2656; x_wconf 92' lang='lat' dir='ltr'>quod</span> <span class='ocrx_word' id='word_1_179' title='bbox 911 2586 1142 2639; x_wconf 88' lang='lat' dir='ltr'>Christo</span> <span class='ocrx_word' id='word_1_180' title='bbox 1198 2587 1452 2638; x_wconf 89' lang='lat' dir='ltr'>Domino</span> <span class='ocrx_word' id='word_1_181' title='bbox 1512 2589 1844 2655; x_wconf 85' lang='lat' dir='ltr'>parebimus</span> 
     </span>
     <span class='ocr_line' id='line_1_27' title="bbox 212 2673 1843 2745; baseline 0.002 -19"><span class='ocrx_word' id='word_1_182' title='bbox 212 2674 567 2728; x_wconf 89' lang='lat' dir='ltr'>admonenti:</span> <span class='ocrx_word' id='word_1_183' title='bbox 616 2674 723 2745; x_wconf 77' lang='lat' dir='ltr'>Qui</span> <span class='ocrx_word' id='word_1_184' title='bbox 761 2679 906 2726; x_wconf 76' lang='lat' dir='ltr'>amat</span> <span class='ocrx_word' id='word_1_185' title='bbox 940 2673 1178 2725; x_wconf 75' lang='lat' dir='ltr'>animam</span> <span class='ocrx_word' id='word_1_186' title='bbox 1214 2690 1364 2725; x_wconf 73' lang='lat' dir='ltr'>suam</span> <span class='ocrx_word' id='word_1_187' title='bbox 1403 2674 1460 2726; x_wconf 80' lang='lat' dir='ltr'>in</span> <span class='ocrx_word' id='word_1_188' title='bbox 1497 2673 1588 2726; x_wconf 82' lang='lat' dir='ltr'>hoc</span> <span class='ocrx_word' id='word_1_189' title='bbox 1626 2676 1843 2741; x_wconf 79' lang='lat' dir='ltr'>mundo,</span> 
     </span>
     <span class='ocr_line' id='line_1_28' title="bbox 203 2759 1846 2833; baseline 0.003 -23"><span class='ocrx_word' id='word_1_190' title='bbox 203 2763 373 2829; x_wconf 77' lang='lat' dir='ltr'>perdet</span> <span class='ocrx_word' id='word_1_191' title='bbox 398 2781 542 2823; x_wconf 57' lang='lat' dir='ltr'>canu</span> <span class='ocrx_word' id='word_1_192' title='bbox 569 2762 661 2833; x_wconf 79' lang='lat' dir='ltr'>qui</span> <span class='ocrx_word' id='word_1_193' title='bbox 687 2767 859 2812; x_wconf 74' lang='lat' dir='ltr'>autem</span> <span class='ocrx_word' id='word_1_194' title='bbox 876 2760 1167 2831; x_wconf 75' lang='lat' dir='ltr'>perdiderit</span> <span class='ocrx_word' id='word_1_195' title='bbox 1193 2759 1432 2812; x_wconf 76' lang='lat' dir='ltr'>animam</span> <span class='ocrx_word' id='word_1_196' title='bbox 1458 2780 1608 2813; x_wconf 81' lang='lat' dir='ltr'>suam</span> <span class='ocrx_word' id='word_1_197' title='bbox 1632 2768 1846 2833; x_wconf 76' lang='lat' dir='ltr'>propter</span> 
     </span>
     <span class='ocr_line' id='line_1_29' title="bbox 212 2848 1842 2920; baseline 0.004 -21"><span class='ocrx_word' id='word_1_198' title='bbox 212 2864 299 2912; x_wconf 80' lang='lat' dir='ltr'>me,</span> <span class='ocrx_word' id='word_1_199' title='bbox 342 2850 570 2903; x_wconf 79' lang='lat' dir='ltr'>inveniet</span> <span class='ocrx_word' id='word_1_200' title='bbox 609 2857 760 2903; x_wconf 78' lang='lat' dir='ltr'>eam¹</span> <span class='ocrx_word' id='word_1_201' title='bbox 786 2890 797 2901; x_wconf 91' lang='lat'>.</span> <span class='ocrx_word' id='word_1_202' title='bbox 878 2849 1047 2917; x_wconf 75' lang='lat' dir='ltr'>Quod</span> <span class='ocrx_word' id='word_1_203' title='bbox 1087 2848 1347 2917; x_wconf 88' lang='lat' dir='ltr'>congruit</span> <span class='ocrx_word' id='word_1_204' title='bbox 1391 2867 1519 2903; x_wconf 90' lang='lat' dir='ltr'>cum</span> <span class='ocrx_word' id='word_1_205' title='bbox 1562 2849 1655 2903; x_wconf 89' lang='lat' dir='ltr'>illa</span> <span class='ocrx_word' id='word_1_206' title='bbox 1696 2851 1842 2920; x_wconf 86' lang='lat' dir='ltr'>ejus-</span> 
     </span>
     <span class='ocr_line' id='line_1_30' title="bbox 211 2935 1847 3010; baseline 0.004 -23"><span class='ocrx_word' id='word_1_207' title='bbox 211 2935 333 2990; x_wconf 89' lang='lat' dir='ltr'>dem</span> <span class='ocrx_word' id='word_1_208' title='bbox 375 2957 542 2992; x_wconf 87' lang='lat' dir='ltr'>voce:</span> <span class='ocrx_word' id='word_1_209' title='bbox 598 2938 705 3010; x_wconf 74' lang='lat' dir='ltr'>Qui</span> <span class='ocrx_word' id='word_1_210' title='bbox 740 2937 892 3009; x_wconf 76' lang='lat' dir='ltr'>ponit</span> <span class='ocrx_word' id='word_1_211' title='bbox 929 2955 1146 2989; x_wconf 78' lang='lat' dir='ltr'>manum</span> <span class='ocrx_word' id='word_1_212' title='bbox 1183 2955 1334 2990; x_wconf 76' lang='lat' dir='ltr'>suam</span> <span class='ocrx_word' id='word_1_213' title='bbox 1379 2938 1449 2991; x_wconf 81' lang='lat' dir='ltr'>ad</span> <span class='ocrx_word' id='word_1_214' title='bbox 1487 2943 1750 3003; x_wconf 74' lang='lat' dir='ltr'>aratrum,</span> <span class='ocrx_word' id='word_1_215' title='bbox 1800 2945 1847 2993; x_wconf 81' lang='lat' dir='ltr'>et</span> 
     </span>
     <span class='ocr_line' id='line_1_31' title="bbox 211 3024 1499 3094; baseline 0.002 -19"><span class='ocrx_word' id='word_1_216' title='bbox 211 3024 410 3093; x_wconf 76' lang='lat' dir='ltr'>respicit</span> <span class='ocrx_word' id='word_1_217' title='bbox 453 3031 607 3088; x_wconf 72' lang='lat' dir='ltr'>retrO,</span> <span class='ocrx_word' id='word_1_218' title='bbox 655 3043 758 3077; x_wconf 77' lang='lat' dir='ltr'>non</span> <span class='ocrx_word' id='word_1_219' title='bbox 804 3030 875 3077; x_wconf 77' lang='lat' dir='ltr'>est</span> <span class='ocrx_word' id='word_1_220' title='bbox 918 3030 1066 3094; x_wconf 79' lang='lat' dir='ltr'>aptus</span> <span class='ocrx_word' id='word_1_221' title='bbox 1111 3042 1272 3093; x_wconf 68' lang='lat' dir='ltr'>regno</span> <span class='ocrx_word' id='word_1_222' title='bbox 1318 3026 1425 3077; x_wconf 80' lang='lat' dir='ltr'>Dei</span> <span class='ocrx_word' id='word_1_223' title='bbox 1446 3033 1465 3057; x_wconf 87' lang='lat'><strong>²</strong></span> <span class='ocrx_word' id='word_1_224' title='bbox 1488 3066 1499 3077; x_wconf 90' lang='lat'>.</span> 
     </span>
    </p>
   </div>
   <div class='ocr_carea' id='block_1_3' title="bbox 343 3119 1044 3123">
    <p class='ocr_par' dir='ltr' id='par_1_5' title="bbox 343 3119 1044 3123">
     <span class='ocr_line' id='line_1_32' title="bbox 343 3119 1044 3123; baseline 0 0"><span class='ocrx_word' id='word_1_225' title='bbox 343 3119 1044 3123; x_wconf 95' lang='lat' dir='ltr'> </span> 
     </span>
    </p>
   </div>
   <div class='ocr_carea' id='block_1_4' title="bbox 253 3118 1116 3184">
    <p class='ocr_par' dir='ltr' id='par_1_6' title="bbox 253 3118 1116 3184">
     <span class='ocr_line' id='line_1_33' title="bbox 253 3118 1116 3184; baseline 0.005 -12"><span class='ocrx_word' id='word_1_226' title='bbox 253 3118 324 3176; x_wconf 53' lang='grc' dir='ltr'>ψ1.</span> <span class='ocrx_word' id='word_1_227' title='bbox 368 3120 481 3179; x_wconf 58' lang='lat' dir='ltr'>Joan‘.</span> <span class='ocrx_word' id='word_1_228' title='bbox 505 3142 595 3182; x_wconf 82' lang='lat' dir='ltr'>xn,</span> <span class='ocrx_word' id='word_1_229' title='bbox 619 3120 739 3177; x_wconf 29' lang='lat'>255-</span> <span class='ocrx_word' id='word_1_230' title='bbox 769 3120 811 3176; x_wconf 63' lang='lat' dir='ltr'>2s</span> <span class='ocrx_word' id='word_1_231' title='bbox 835 3120 941 3177; x_wconf 46' lang='grc' dir='ltr'>ἔμω.</span> <span class='ocrx_word' id='word_1_232' title='bbox 959 3120 1035 3184; x_wconf 59' lang='lat' dir='ltr'>Ec,</span> <span class='ocrx_word' id='word_1_233' title='bbox 1052 3120 1116 3177; x_wconf 45' lang='lat' dir='ltr'>&#39;aa&#39;</span> 
     </span>
    </p>
   </div>
   <div class='ocr_carea' id='block_1_5' title="bbox 0 0 2639 3798">
    <p class='ocr_par' dir='ltr' id='par_1_7' title="bbox 0 0 2639 3798">
     <span class='ocr_line' id='line_1_34' title="bbox 0 0 2639 3798; baseline 0 0"><span class='ocrx_word' id='word_1_234' title='bbox 0 0 2639 3798; x_wconf 95' lang='lat' dir='ltr'> </span> 
     </span>
    </p>
   </div>
  </div>
 </body>
</html>
