2649 3754
57 746 69 867 ,ςπ-ρ-η-
60 705 67 731 ,..-.
54 642 67 668 3:
60 605 62 611 ἡ
54 537 56 539 ·

77 758 84 997 ..κμκψ-ημωω]
75 660 83 761 -,;2..;,.-..—
74 568 82 651 „noa-⁴⁴*
71 317 81 557 ,επινι-μ-,ωι-κψκι-ιι.
70 262 77 285 22:
69 164 77 236 <xrs-2³1„

541 356 659 423 196
922 366 1109 408 LIBER
1146 370 1274 409 vm..
1295 385 1367 393 —
1388 364 1682 407 EPISToLA
1721 368 1785 406 11.

533 500 752 566 faverit,
820 511 1180 573 quantosque
1245 511 1508 573 sumptus
1563 502 1620 556 in
1661 509 1856 557 nostra
1911 501 2166 571 collegia,

532 589 844 654 domicilia,
889 592 1262 646 necessitates
1305 592 1519 656 fecerit,
1565 590 1932 660 quotidieque
1975 590 2165 643 faciat.

531 677 720 745 Bungi
767 678 1117 747 aliquamdiu
1166 687 1556 733 commoratus
1599 697 1773 741 eram,
1820 697 1950 731 cum
2001 677 2165 731 Lusi-

528 771 679 816 tanae
719 765 879 817 navis
921 766 1350 835 opportunitate
1389 766 1682 828 invitatus,
1715 765 1928 818 omissa
1958 766 2164 817 Aman-

528 850 772 917 guciana
843 854 1181 916 reversione,
1253 853 1427 906 statui
1482 872 1512 906 e
1567 855 1771 921 Bungo
1824 853 1881 905 in
1938 852 2165 905 Indiam

530 935 765 1001 solvere,
822 947 882 991 ut
942 940 1143 992 Socios
1205 960 1271 993 ac
1335 942 1566 992 Fratres
1632 948 1798 992 tanto
1866 937 2164 992 intervallo

529 1023 856 1089 reviserem,
923 1033 978 1079 et
1034 1026 1233 1079 Socios
1285 1028 1357 1079 ad
1409 1027 1649 1098 Japonis
1711 1026 1991 1079 culturam
2045 1025 2164 1078 ido-

530 1127 690 1174 neOS,
733 1111 985 1182 aliasque
1013 1131 1102 1166 res
1139 1115 1509 1178 necessariaS,
1553 1131 1793 1183 quarum
1836 1113 1913 1165 ibi
1955 1131 2165 1183 magna

531 1204 617 1251 est
660 1198 870 1267 inopia,
916 1218 1192 1254 curarem.

603 1285 884 1339 Cocinum
951 1287 1198 1355 applicui
1266 1289 1368 1340 IX.
1439 1287 1726 1341 Kalendas
1801 1287 2161 1351 Februarias,

529 1371 623 1422 ubi
653 1391 686 1423 a
719 1392 956 1443 prorege
996 1374 1427 1443 perhumaniter
1466 1393 1592 1426 sum
1634 1382 1921 1442 acceptus.
1999 1373 2161 1443 Apri-

527 1459 564 1510 li
629 1477 825 1513 mense
887 1463 1147 1531 proximo
1208 1462 1424 1532 aliquot
1487 1480 1554 1514 ex
1618 1462 1782 1514 India
1845 1464 2043 1514 Patres
2104 1462 2161 1513 in

528 1546 836 1616 Japoniam
887 1548 1205 1613 mittentur,
1258 1549 1595 1618 quibuscum
1646 1549 1969 1618 Bungensis
2015 1548 2163 1618 regis

526 1631 749 1702 legatus
803 1635 1037 1689 domum
1092 1644 1177 1690 est
1231 1636 1532 1690 rediturus.
1625 1637 1836 1705 Magna
1889 1655 1979 1689 me
2032 1654 2162 1705 spes

526 1728 684 1773 tenet
732 1724 1207 1792 copiosissimam,
1250 1724 1482 1776 Christo
1523 1724 1766 1787 favente,
1797 1724 1904 1775 illis
1932 1723 1989 1774 in
2021 1723 2162 1776 locis

529 1827 774 1863 messem
828 1811 1104 1876 futuram3
1167 1831 1297 1865 nam
1347 1831 1414 1867 ex
1459 1820 1628 1883 gente
1680 1812 1992 1883 ingeniosa,
2040 1830 2159 1864 mo-

528 1897 744 1962 derata,
776 1898 1032 1953 discendi
1077 1899 1261 1964 avida,
1291 1900 1572 1954 rationem
1618 1900 1821 1954 ducem
1866 1906 2158 1969 sequente,

526 1981 766 2053 aliisque
826 1993 1104 2054 praeterea
1165 1985 1426 2039 laudibus
1489 1984 1796 2050 cumulata,
1860 1993 2158 2055 tamquam

522 2088 590 2123 ex
641 2090 777 2140 agro
824 2073 1018 2141 opimo
1072 2092 1138 2126 ac
1185 2073 1371 2137 fertili,
1427 2091 1659 2126 necesse
1712 2080 1796 2126 est
1844 2073 2046 2126 uberes
2093 2091 2159 2126 ac

522 2156 683 2210 laetas
729 2158 916 2228 fruges
962 2160 1221 2213 existere.

599 2245 962 2298 Banduensis
1000 2246 1296 2299 academia
1324 2254 1410 2299 est
1439 2246 1497 2298 in
1524 2248 1748 2317 Japone
1785 2245 1970 2297 insula
2001 2249 2157 2315 (quae

519 2331 735 2400 regioni
781 2350 991 2385 nomen
1035 2334 1222 2398 dedit)
1271 2352 1407 2386 sane
1452 2333 1706 2395 celebris,
1752 2351 1864 2402 quo
1907 2333 2157 2384 maxima

519 2418 853 2473 bonziorum
908 2422 1215 2474 multitudo
1258 2421 1495 2474 confluit
1542 2421 1614 2473 ad
1658 2438 1789 2473 suas
1831 2420 1984 2489 leges
2026 2438 2154 2489 cog-

520 2508 859 2560 noscendas.
942 2509 1069 2572 Hae,
1118 2509 1190 2562 ab
1238 2508 1391 2562 Sinis
1443 2507 1655 2571 ascitae,
1706 2507 1971 2561 Sinarum
2020 2526 2153 2561 con-

519 2592 759 2661 signatae
805 2603 937 2648 sunt
981 2595 1202 2659 litteris,
1249 2614 1374 2665 quae
1421 2595 1589 2664 longe
1635 2594 1903 2648 differunt
1946 2595 2017 2647 ab
2058 2596 2153 2665 Ja-

515 2680 755 2748 ponicis.
838 2682 1062 2750 Duplex
1094 2691 1179 2736 est
1213 2691 1405 2735 autem
1447 2682 1504 2734 in
1543 2681 1796 2752 Japonia
1835 2681 2152 2734 litterarum

512 2786 708 2834 genus,
755 2768 996 2821 alterum
1042 2770 1311 2831 virorum,
1358 2769 1656 2821 mulierum
1704 2768 1974 2829 alterum;
2034 2788 2151 2821 ma-

510 2855 722 2908 ximam
776 2866 1000 2926 partem
1044 2866 1166 2911 tum
1206 2858 1310 2910 viri
1363 2866 1486 2910 tum
1540 2856 1809 2921 foeminae,
1864 2856 2149 2926 praecipue

510 2961 644 2995 vero
690 2945 909 2997 nobiles
937 2964 1004 2998 ac
1044 2953 1390 2998 mercatores
1427 2945 1645 2997 litteras
1685 2952 1914 2999 norunt.
1998 2946 2148 2997 Bon-

506 3032 609 3085 ziae
663 3033 879 3101 puellas
925 3034 983 3086 in
1032 3034 1148 3086 suis
1216 3033 1510 3095 coenobiis,
1565 3032 1755 3085 bonzii
1803 3050 2009 3100 pueros
2055 3032 2142 3086 lit-

507 3126 662 3173 teras
706 3121 934 3184 docent,
984 3140 1332 3190 quamquam
1378 3120 1480 3173 viri
1525 3118 1743 3172 nobiles
1787 3138 1852 3172 ac
1895 3117 2143 3188 locuple—
