2639 3798
853 326 1169 364 APPENDIX.
1764 329 1867 380 423

233 462 574 530 perlibenter
610 480 838 514 omnem
878 462 1240 515 occasionem
1275 462 1482 531 arripio
1520 461 1863 531 compellan-

233 547 289 600 di
334 547 443 601 tui:
499 547 693 618 utique
735 549 1030 601 confidens
1072 547 1188 601 fore
1236 556 1296 602 ut
1340 566 1467 618 quae
1514 566 1547 600 a
1592 565 1682 601 me
1724 549 1856 602 scri-

231 635 444 687 buntur
478 634 663 688 fructu
699 634 874 688 animi
915 635 1025 688 mei
1066 653 1292 703 magno,
1334 654 1367 687 a
1406 643 1480 698 te,
1523 652 1625 704 pro
1666 652 1860 687 amore

236 729 451 786 mutu0,
498 721 759 791 legantur
804 740 918 775 non
966 722 1087 776 sine
1134 722 1445 791 voluptate.

309 808 418 878 Qui
451 808 554 863 tibi
583 809 730 864 hanc
765 810 1004 864 reddent
1032 808 1332 880 epistolam
1363 810 1477 863 duo
1504 808 1608 862 viri
1637 808 1864 863 honesti

236 902 367 949 sunt
406 914 472 948 ac
510 895 690 965 probi,
730 895 1044 966 optimique
1081 895 1395 959 christiani,
1435 895 1586 950 cives
1625 895 1862 949 Malacae

237 982 408 1046 urbiS,
471 982 564 1035 ubi
619 983 906 1036 domicilia
959 991 1014 1037 et
1068 983 1311 1036 familias
1363 982 1594 1035 habent.
1676 984 1866 1035 Causa

236 1067 342 1122 illis
379 1067 481 1121 fuit
522 1067 667 1122 istuc
708 1068 1012 1139 navigandi
1053 1086 1186 1123 cura
1226 1068 1552 1122 exsolvendi
1593 1086 1653 1121 se
1692 1069 1865 1122 certis

235 1156 432 1208 officiis
508 1155 906 1225 obsequiisque
988 1157 1060 1209 ad
1138 1174 1263 1224 quae
1341 1155 1861 1224 adstringebantur.

238 1241 562 1294 Narrabunt
599 1241 703 1294 tibi
741 1242 919 1294 multa
956 1243 1026 1295 de
1062 1241 1284 1294 Malaca
1320 1241 1568 1315 civitate,
1605 1241 1674 1294 de
1710 1239 1861 1293 labo-

236 1327 389 1379 ribus
416 1327 472 1378 in
501 1346 567 1378 ea
596 1336 938 1390 nostrorum,
969 1336 1023 1380 et
1054 1313 1238 1381 fructu
1267 1326 1362 1395 qui
1391 1345 1458 1379 ex
1486 1326 1553 1379 iis
1580 1327 1860 1394 provenit,

235 1431 360 1483 quae
396 1412 610 1466 habent
648 1412 1106 1482 perspectissima
1142 1422 1340 1483 utpote
1377 1419 1713 1467 cunctorum
1750 1420 1860 1466 tes-

236 1510 322 1554 tes
367 1500 595 1554 oculati.
1688 1559 1693 1563 Α

309 1589 523 1640 Ferunt
578 1587 751 1641 etiam
809 1588 1026 1642 litteras
1082 1589 1265 1642 Patris
1320 1588 1611 1642 Francisci
1668 1590 1858 1652 PereZ,

234 1676 437 1744 quibus
480 1683 619 1743 puto
665 1674 840 1739 illum,
885 1676 967 1728 uti
1010 1694 1070 1728 se
1112 1675 1393 1728 facturum
1440 1675 1672 1744 recepit,
1718 1674 1858 1737 fuse,

234 1761 517 1824 distincte,
560 1781 626 1815 ac
664 1761 929 1815 minutim
968 1761 1246 1830 explicare
1284 1780 1396 1831 quo
1434 1779 1699 1815 successu
1736 1759 1858 1815 fun-

233 1849 453 1902 ctiones
501 1849 756 1902 Instituti
804 1848 982 1901 nostri
1029 1848 1271 1918 propriae
1315 1848 1426 1901 illic
1469 1857 1856 1902 exerceantur.

308 1938 428 1989 Nec
465 1937 734 1990 tacebunt
771 1937 840 1989 de
880 1937 1087 1990 Sinicis
1121 1936 1528 2007 Japonicisque
1564 1938 1758 1998 rebus;
1802 1937 1857 1989 in

234 2042 298 2076 ea
333 2023 484 2075 enim
518 2023 655 2075 urbe
687 2022 782 2075 diu
817 2022 1060 2085 fuerunt,
1091 2041 1215 2091 quae
1247 2022 1605 2076 commerciis
1639 2022 1859 2075 illarum

232 2120 508 2164 terrarum
555 2119 611 2164 et
656 2110 911 2180 gentium
956 2119 1293 2179 opportuna,
1340 2110 1555 2179 optime
1603 2110 1858 2163 omnium

235 2198 391 2252 novit
438 2198 572 2267 quid
620 2198 674 2251 in
723 2198 790 2251 iis
836 2206 1080 2266 geratur.

309 2285 502 2340 Mirari
541 2305 600 2339 se
634 2284 875 2339 multum
909 2285 1068 2340 aiunt
1102 2285 1270 2340 amici
1306 2285 1415 2340 mei
1454 2305 1519 2341 ac
1558 2285 1863 2341 familiares

234 2392 451 2439 omneS,
500 2374 651 2444 quod
698 2373 1047 2443 navigationi
1092 2382 1212 2426 tam
1258 2374 1581 2444 longinquae
1629 2383 1862 2445 tamque

232 2461 561 2533 periculosae
603 2479 693 2514 me
736 2460 1123 2524 committam;
1170 2462 1268 2514 sed
1313 2461 1487 2515 miror
1530 2480 1635 2531 ego
1680 2462 1861 2532 magis

234 2550 518 2604 modicam
553 2549 773 2603 illorum
809 2549 998 2603 fidem.
1081 2550 1273 2602 Habet
1307 2549 1363 2601 in
1394 2567 1563 2603 manu
1601 2568 1667 2603 ac
1697 2549 1861 2603 ditio·

233 2657 303 2691 ne
340 2656 441 2691 sua
477 2638 633 2691 Deus
670 2644 865 2691 noster
900 2644 1273 2705 tempestates
1311 2636 1554 2690 marium
1592 2637 1767 2691 Sinici
1805 2645 1861 2691 et

229 2723 511 2795 Japonici,
571 2723 775 2792 quibus
840 2722 1295 2776 vehementiores
1360 2732 1571 2791 negant
1639 2724 1861 2794 uspiam

233 2810 371 2865 ullas
423 2810 680 2865 existere.
761 2810 1013 2864 Subsunt
1066 2809 1321 2880 ejusdem
1380 2809 1653 2880 potestati
1706 2810 1862 2863 venti

231 2918 448 2963 omneS,
484 2897 719 2969 scopu-li,
756 2904 936 2969 syrtes
976 2917 1042 2951 ac
1078 2897 1287 2961 brevia,
1328 2916 1452 2966 quae
1491 2897 1736 2967 plurima
1779 2897 1861 2951 in-

233 2987 735 3057 sidiosissimaque,
777 3004 844 3040 ac
880 2985 1114 3039 infamia
1151 2984 1457 3055 naufragiis
1494 2985 1570 3038 ibi
1606 2984 1863 3038 feruntur

233 3092 374 3132 esse.
456 3072 703 3141 Imperio
748 3072 898 3139 idem
945 3090 1047 3126 suo
1088 3071 1345 3127 continet
1386 3071 1600 3140 piratas
1640 3088 1879 3135 omne3‚·
