2639 3798
672 394 857 432 LIBER
895 394 1430 432 V111.—EPISTOLA
1471 394 1535 431 11.
1816 366 1916 431 1⁷81

291 533 694 602 negligentiam
737 532 868 585 mali
909 541 1079 601 atque
1125 533 1474 586 incommodi
1515 533 1621 586 illis
1662 533 1921 586 accidere

288 620 487 688 possit,
543 621 646 673 sub
699 638 766 673 ea
819 620 1163 683 conditione,
1212 628 1272 673 ut
1317 621 1560 689 populus
1612 621 1919 684 domicilia,

290 706 571 769 coenobia,
641 706 856 759 reditus
923 723 1160 769 annuOS,
1214 706 1599 777 pecuniasque
1651 707 1723 759 ad
1785 725 1920 759 usus

288 792 541 860 ipsorum
596 793 948 847 necessarios
1014 801 1187 857 curet,
1243 801 1297 847 et
1360 794 1575 848 scilicet
1641 794 1918 847 honorem

288 878 369 932 eis
402 887 457 932 et
486 879 701 933 cultum
730 880 962 933 tribuat.
1026 880 1168 933 Haec
1196 879 1249 939 si,
1269 879 1512 948 populus
1541 878 1729 943 faciat,
1765 878 1919 948 ipsos

288 966 563 1036 quidquid
608 967 796 1035 legum
844 967 916 1018 sit
962 986 1064 1034 pro
1110 967 1318 1034 populo
1364 974 1704 1019 servaturos.

360 1053 642 1122 Quocirca
686 1053 789 1106 viri
835 1053 1087 1122 primarii
1140 1062 1311 1122 atque
1363 1053 1634 1122 opulenti,
1684 1062 1744 1105 ut
1799 1072 1914 1104 ma-

281 1138 392 1206 jori
424 1139 699 1206 peccandi
739 1139 968 1192 licentia
1007 1139 1340 1202 fruerentur,
1370 1140 1590 1192 bonziis
1628 1141 1918 1207 postulata

288 1225 481 1278 omnia
544 1233 964 1278 concesserunt.
1047 1227 1138 1278 Ita
1200 1225 1387 1278 bonzii
1453 1227 1604 1294 apud
1666 1227 1921 1296 Japones

289 1328 556 1378 magnam
609 1311 822 1363 habent
875 1311 1316 1373 venerationem,
1364 1312 1644 1380 vulgoque
1690 1330 1919 1379 persua-

288 1415 413 1450 sum
479 1405 565 1450 est
631 1398 897 1450 omnibus
970 1416 1164 1450 eorum
1230 1398 1631 1466 deprecatione
1696 1398 1920 1451 animos

286 1484 508 1536 evocari
555 1485 626 1536 ab
673 1483 882 1548 inferiS,
948 1484 1219 1554 quoniam
1267 1484 1375 1536 hoc
1420 1484 1608 1536 bonzii
1656 1496 1915 1553 suscepe-

288 1576 438 1633 runt,
486 1577 547 1623 ut
593 1587 696 1638 pro
748 1570 959 1639 populo
1006 1571 1076 1623 de
1121 1570 1339 1639 legibus
1385 1571 1491 1623 illis
1545 1571 1919 1625 satisfaciant.

362 1654 795 1710 Concionantur
839 1655 1026 1710 bonzii
1073 1656 1241 1710 certis
1288 1656 1513 1710 diebus:
1575 1657 1918 1711 concionum

290 1742 545 1795 omnium
590 1751 761 1811 caput
804 1751 890 1795 est
933 1742 1219 1795 neminem
1257 1761 1286 1794 e
1328 1742 1539 1811 populo
1582 1743 1920 1796 damnatum

291 1828 356 1880 iri
416 1830 488 1881 ad
551 1829 778 1892 inferOS,
844 1829 1103 1897 quamvis
1170 1829 1347 1880 multa
1400 1836 1455 1880 et
1510 1829 1808 1897 deliquerit
1867 1837 1921 1881 et

291 1914 609 1984 delinquat3
686 1932 802 1968 suae
856 1915 1064 1984 quippe
1117 1922 1287 1967 sectae
1342 1913 1657 1967 auctorem
1704 1932 1821 1978 eos,
1876 1915 1922 1967 si

291 1998 433 2052 forte
479 2001 550 2053 ad
597 2000 806 2052 inferos
852 1999 1082 2068 relegati
1130 2000 1260 2062 sint,
1306 2017 1335 2051 e
1385 1999 1586 2052 mediis
1633 2000 1922 2068 suppliciis

289 2085 726 2148 vindicaturum,
787 2085 1103 2154 praesertim
1150 2102 1282 2137 vero
1330 2084 1375 2137 si
1422 2084 1628 2147 bonzii,
1677 2084 1773 2153 qui
1818 2102 1921 2153 pro

289 2170 376 2223 his
444 2171 858 2235 satisfecerunt,
935 2172 1332 2240 deprecatores
1396 2169 1759 2223 accesserint.
1841 2172 1918 2224 Et

290 2278 421 2312 vero
472 2261 657 2313 bonzii
713 2260 818 2329 ipsi
871 2259 1038 2328 vulgo
1093 2259 1162 2312 de
1224 2278 1325 2311 sua
1378 2258 1702 2321 sanctitate,
1766 2258 1920 2328 quod

292 2347 539 2418 quinque
591 2347 697 2400 illis
748 2347 966 2417 legibus
1017 2354 1275 2417 pareant,
1330 2347 1401 2399 ad
1455 2345 1726 2415 populum
1783 2364 1921 2399 sane

292 2436 590 2504 magnifice
641 2437 973 2505 praedicant.
1056 2435 1236 2487 Iidem
1283 2442 1475 2486 autem
1526 2443 1737 2503 negant
1784 2453 1921 2504 pau-

290 2522 516 2587 peribus
563 2523 800 2591 (quippe
843 2523 937 2591 qui
986 2521 1229 2589 benigne
1275 2522 1494 2574 bonziis
1540 2520 1785 2574 faciendi
1829 2540 1918 2575 ca-

290 2618 449 2661 reant
502 2609 818 2673 facultate)
870 2609 1041 2662 ullam
1094 2608 1334 2677 relinqui
1388 2626 1547 2676 spem
1601 2627 1669 2661 ex
1721 2607 1917 2663 inferis

294 2697 640 2766 emergendi.

363 2784 430 2837 In
464 2785 665 2838 eadem
707 2802 878 2838 causa
917 2783 1159 2837 feminas
1201 2801 1323 2836 esse
1364 2782 1651 2846 dictitant,
1681 2782 1727 2835 si
1756 2781 1916 2852 quin-

297 2887 405 2938 que
444 2870 535 2924 illa
576 2871 865 2941 praecipua
904 2878 1190 2940 praecepta
1231 2870 1611 2940 neglexerint;
1674 2870 1925 2939 singulas

292 2957 442 3009 enim
496 2955 776 3021 muliereS,
830 2967 1061 3027 propter
1113 2966 1534 3011 menstruorum
1581 2957 1920 3020 foeditatem,

292 3043 543 3111 pluribus
587 3045 838 3115 peccatis
880 3064 1004 3097 esse
1047 3053 1348 3114 coopertas
1391 3063 1562 3114 quam
1605 3044 1757 3097 viros
1801 3044 1920 3097 uni-

293 3149 510 3188 versos:
564 3134 801 3203 proinde
854 3141 972 3187 tarn
1025 3141 1236 3187 tetrum
1290 3132 1501 3186 animal
1553 3131 1706 3186 haud
1760 3131 1924 3186 facile
