2665 3754
747 314 849 366 352
1088 314 1270 351 LIBER
1308 314 1435 352 VIII.
1457 329 1529 336 -
1550 313 1841 351 EPISTOLA
1879 313 2030 358 XXVI.

742 450 1143 515 Malacensem,
1210 459 1270 507 ut
1326 452 1371 506 si
1435 452 1609 521 Aprili
1670 451 1928 521 proximo
1992 450 2293 520 quisquam
2339 469 2367 506 e

737 537 1023 591 Societate
1075 540 1357 610 Japonem
1414 538 1671 609 cogitans
1722 539 1849 591 Goa
1903 537 2161 599 solveret,
2204 535 2254 589 ei
2295 554 2362 591 ne

734 633 998 695 gravetur
1036 628 1402 681 commodare
1442 626 1691 680 favorem
1733 643 1897 680 suum
1938 626 2010 679 ad
2052 625 2223 679 istum
2250 633 2359 680 tra-

742 713 980 781 jectum.
2382 707 2387 714 ¹

812 802 879 853 In
926 801 1331 854 deliberatione
1379 802 1448 853 de
1494 801 1562 853 iis
1609 799 1981 853 admittendis
2027 798 2122 869 qui
2179 798 2362 852 Socie-

736 886 841 939 tati
888 887 1022 940 dare
1068 905 1278 939 nomen
1326 887 1579 955 cupiunt,
1628 886 1925 954 diligenter
1976 886 2192 953 inspice
2239 887 2354 954 qui·

736 972 841 1025 bus
892 972 969 1024 illi
1020 973 1195 1025 animi
1249 981 1304 1026 et
1357 972 1610 1042 corporis
1663 973 1774 1025 sint
1828 971 2051 1040 praediti
2107 970 2363 1034 dotibus;

739 1077 843 1112 nec
872 1059 1203 1113 committas
1248 1078 1499 1132 unquam
1544 1059 1894 1129 utpersonis
1939 1057 2094 1112 domi
2138 1066 2193 1111 et
2238 1056 2369 1112 foris

736 1146 1027 1199 inutilibus
1070 1147 1415 1199 Societatem
1469 1164 1685 1199 oneres.
1767 1147 1924 1215 Quos
1962 1163 2096 1198 vero
2133 1145 2253 1213 jam
2294 1146 2362 1198 ad

736 1234 1123 1303 experimenta
1164 1233 1444 1302 recepisti,
1475 1253 1572 1285 eos
1608 1233 1652 1285 si
1682 1232 1983 1301 explorans
2023 1238 2244 1285 attente
2271 1231 2360 1285 de-

736 1320 1105 1388 prehenderis
1144 1322 1232 1372 vel
1262 1320 1438 1372 animi
1477 1321 1686 1373 virtute
1726 1320 1813 1372 vel
1850 1318 2172 1372 valetudine
2201 1318 2364 1370 desti-

737 1405 818 1458 tui
861 1406 1092 1474 quantis
1132 1414 1282 1459 esset
1324 1423 1484 1474 opus
1517 1413 1577 1459 ut
1608 1423 1675 1459 ex
1717 1406 1785 1458 iis
1836 1422 2062 1473 sperare
2102 1403 2366 1458 auxilium

739 1492 967 1561 aliquod
1011 1493 1269 1545 Societas
1307 1501 1519 1561 posset,
1578 1501 1797 1544 mature
1838 1492 1910 1543 ad
1952 1510 2084 1543 suos
2123 1489 2365 1544 remitte.

814 1579 923 1647 Qui
961 1597 994 1631 a
1031 1587 1087 1632 te
1128 1579 1257 1632 istic
1297 1587 1629 1631 exercentur
1669 1578 1999 1631 domesticis
2042 1577 2365 1630 ministeriis

739 1666 1037 1733 ejusmodi,
1069 1684 1194 1733 quae
1236 1665 1639 1717 tractationem
1680 1683 1810 1716 cum
1853 1663 2099 1716 externis
2140 1671 2196 1715 et
2235 1662 2365 1714 libe-

739 1767 860 1803 ram
890 1750 1036 1803 ultro
1073 1752 1328 1819 citroque
1369 1751 1849 1803 commeationem
1890 1751 2202 1818 requirunt,
2234 1757 2367 1818 puta

739 1836 1116 1898 obsonatoriS,
1190 1836 1598 1904 dispensatoris
1665 1843 1720 1888 et
1787 1836 2083 1898 similibus,
2152 1835 2209 1887 in
2274 1852 2368 1888 eos

739 1922 943 1974 acriter
982 1921 1228 1991 invigila,
1272 1921 1429 1973 omni
1470 1939 1604 1973 cura
1645 1921 1945 1991 explorans
1984 1928 2108 1973 tum
2150 1938 2276 1990 quae
2302 1919 2368 1972 de

739 2025 799 2061 se
832 2009 1088 2077 exempla
1128 2009 1419 2077 praebeant
1463 2009 1806 2072 sobrietatiS,
1837 2008 2226 2072 continentiae‚
2257 2025 2367 2060 mo-

738 2094 963 2157 destiae3
1031 2103 1153 2148 tum
1208 2114 1319 2166 qua
1372 2095 1482 2149 fide
1535 2114 1624 2148 res
1678 2094 2061 2165 pecuniasque
2127 2095 2367 2149 creditas

738 2188 1003 2245 tractent,
1052 2182 1421 2251 expeditasne
1468 2200 1692 2252 semper
1735 2190 1790 2236 et
1837 2183 2079 2252 liquidas
2122 2183 2366 2237 rationes

737 2267 982 2323 referant
1034 2269 1253 2337 accepti
1311 2277 1366 2323 et
1420 2270 1668 2338 expensi.
1751 2270 1881 2323 Non
1946 2270 2097 2324 enim
2151 2269 2363 2325 scilicet

737 2364 794 2410 te
826 2354 985 2426 fugit,
1016 2375 1187 2427 quam
1227 2356 1443 2426 lubrica
1480 2357 1801 2411 istiusmodi
1843 2357 2208 2428 negotiorum.
2239 2373 2361 2428 pro-

741 2443 959 2496 curatio
1023 2443 1112 2506 sit,
1175 2462 1460 2512 quamque
1528 2445 1917 2512 imprudenter
1980 2445 2367 2499 committatur

740 2527 1066 2582 hominibus
1121 2549 1234 2581 non
1289 2529 1541 2592 subnixis
1594 2529 1801 2582 eximia
1865 2530 2260 2599 temperantia,
2312 2528 2367 2581 fi-

741 2616 990 2680 delitate,
1046 2617 1444 2682 sanctimonia,
1495 2636 1621 2687 quae
1668 2626 1723 2670 et
1771 2625 1928 2671 tutos
1979 2618 2121 2682 illos,
2170 2626 2226 2671 et
2271 2632 2369 2669 nos

741 2718 968 2755 securos
1009 2709 1281 2770 praestent
1323 2703 1394 2755 ab
1428 2703 1585 2756 omni
1631 2704 1882 2772 periculo
1925 2704 2116 2773 lapsus
2160 2718 2366 2764 eorum,

742 2805 966 2842 summo
995 2789 1257 2842 dedecori
1290 2789 1611 2854 Soc'ietatiS,
1642 2798 1697 2844 et
1724 2790 1880 2861 gravi
1921 2790 2219 2845 offensioni
2248 2806 2365 2860 pro-

740 2876 1022 2929 ximorum
1068 2877 1520 2945 inseparabiliter
1575 2879 1903 2947 conjunctO.

817 2962 1186 3016 Melchiorem
1248 2965 1627 3029 Nunnezium,
1683 2973 1738 3018 et
1791 2965 1998 3018 laicum
2051 2966 2364 3036 adjutorem

740 3050 835 3119 qui
876 3066 1005 3106 cum
1042 3051 1349 3107 Melchiore
1391 3053 1679 3108 Gonzalez
1713 3053 1967 3108 Bazaino
2006 3054 2152 3109 istuc
2190 3050 2359 3113 venit,

2607 2171 2660 2310 τω

2606 2360 2659 3089 ωῆροωοβ-’.Η
