2639 3798
659 335 663 337 >
716 357 901 393 LIBER
939 357 1450 394 VIL—EPISTOLA
1492 358 1528 392 Ι.
1870 356 1935 409 91

379 495 489 565 Qui
532 496 787 557 tandem,
835 495 942 546 nisi
985 496 1363 548 sub-missione
1407 496 1648 548 multum
1689 495 1936 557 valeant,

307 581 608 639 adversarii
650 581 958 651 petitiones
998 582 1269 634 eludent?
1352 581 1454 633 Illa
1494 580 1666 634 etiam
1711 598 1815 644 me
1842 598 1934 634 cu-

306 693 363 725 ra
399 668 682 732 sollicitat,
726 687 796 722 ne
832 670 1060 724 daemon
1101 687 1202 738 per
1241 687 1372 723 suas
1410 669 1726 739 praestigias
1767 676 1934 721 trans-

297 760 538 828 figurans
588 774 637 808 se
693 756 751 808 in
804 755 1072 825 Angelum
1124 756 1270 819 lucis,
1304 764 1317 787 ¹
1383 765 1635 809 vestrum
1689 757 1933 825 aliquem

309 841 569 911 decipiat,
624 849 680 894 et
733 841 953 894 eximiis
1003 843 1111 895 Dei
1158 860 1288 909 erga
1334 860 1435 895 vos
1482 842 1717 904 meritiS,
1773 842 1931 894 item-

310 944 413 1000 que
466 927 707 980 miseriis
774 931 825 991 (e
878 928 1082 997 quibus
1135 946 1235 980 vos
1289 929 1344 980 in
1401 929 1749 981 Societatem
1806 930 1931 981 Filii

311 1016 392 1070 sui
441 1022 679 1067 vocatos
726 1013 986 1082 ,eripuit,)
1042 1013 1367 1082 propositiS,
1423 1014 1480 1066 in
1533 1032 1741 1067 vanam
1795 1014 1934 1066 fidu-

311 1103 453 1157 ciam
501 1118 567 1154 ac
613 1101 978 1154 securitatem
1026 1100 1276 1162 inducat,
1332 1108 1391 1153 ut
1439 1100 1721 1168 expetatis
1767 1101 1935 1156 istinc

310 1197 438 1243 ante
496 1196 724 1257 tempus
782 1186 985 1251 emitti,
1061 1188 1270 1257 quippe
1335 1188 1428 1257 qui
1495 1188 1575 1240 ita
1638 1187 1932 1240 vobiscum

308 1274 744 1330 ratiocinemini:
826 1274 885 1328 Si
948 1274 1134 1328 adhuc
1193 1276 1348 1327 Deus
1412 1282 1532 1328 tam
1590 1274 1745 1327 brevi
1811 1283 1932 1328 tam

311 1363 482 1415 multa
539 1380 605 1415 ac
662 1380 870 1430 magna
925 1362 1086 1415 vobis
1146 1362 1203 1415 in
1261 1361 1373 1416 isto
1430 1360 1720 1415 domicilio
1777 1361 1934 1415 dedit

308 1449 594 1512 beneficia,
658 1467 787 1501 cum
843 1448 1090 1517 primum
1149 1448 1317 1502 istinc
1373 1449 1445 1501 ad
1498 1448 1930 1502 conversionem

308 1535 661 1588 ethnicorum
708 1534 927 1587 dimissi
970 1535 1145 1598 eritiS,
1192 1535 1371 1587 multo
1413 1543 1469 1586 et
1511 1534 1672 1603 plura
1716 1543 1771 1587 et
1816 1553 1930 1587 ma-

303 1622 424 1689 jora
468 1638 598 1673 eum
648 1621 840 1690 utique
883 1620 1168 1672 daturum.
1249 1623 1375 1688 Qua
1423 1621 1653 1689 quidem
1701 1622 1927 1674 daemon

308 1707 649 1776 cogitatione
714 1707 941 1774 injecta,
1008 1706 1171 1759 facile
1234 1707 1574 1774 persuadeat
1635 1724 1737 1758 vos
1803 1706 1930 1759 istic

310 1796 499 1846 sedere
551 1795 802 1845 otiosos„

378 1880 587 1931 Verum
624 1879 734 1932 ista
769 1879 1076 1931 adversarii
1112 1878 1314 1947 petitio
1351 1878 1572 1930 duobus
1614 1879 1930 1945 propulsari

309 1964 487 2018 modis
551 1971 767 2033 potest:
847 1965 1114 2034 primum,
1181 1966 1227 2016 si
1291 1966 1588 2016 vobiscum
1655 1966 1931 2033 reputetis

307 2051 620 2121 complures
671 2070 795 2106 esse
847 2051 1109 2106 homines
1155 2052 1525 2116 facinorOSOS,
1568 2054 1662 2123 qui
1706 2054 1751 2105 si
1804 2055 1929 2106 abs-

307 2145 452 2191 tersa
519 2139 824 2207 superioris
875 2140 1006 2192 vitae
1074 2140 1236 2208 quasi
1288 2139 1539 2207 fuligine,
1607 2140 1663 2192 in
1729 2142 1929 2194 eadem

306 2224 394 2275 ubi
438 2243 538 2278 vos
584 2226 721 2278 estis
767 2225 961 2278 schola
1001 2227 1227 2279 virtutis
1270 2226 1542 2278 divinitus
1585 2226 1927 2280 collocaren-

305 2316 407 2372 tur,
449 2329 564 2364 non
619 2314 791 2365 modo
836 2313 966 2365 vitae
1014 2313 1289 2364 rationem
1336 2320 1779 2375 commutarent,
1829 2304 1955 2366 sedv

306 2394 470 2449 etiam
516 2416 618 2451 vos
665 2398 967 2451 sedulitate
1015 2417 1081 2451 ac
1128 2399 1353 2460 virtute,
1410 2416 1523 2449 non
1571 2398 1692 2450 sine
1737 2407 1928 2451 vestro

306 2482 530 2547 pudore,
580 2492 1010 2552 praecurrerent.
1093 2486 1221 2536 Hoc
1271 2503 1338 2536 eo
1391 2485 1538 2547 dico,
1592 2492 1651 2537 ut
1703 2484 1761 2536 in
1811 2485 1927 2537 ani-

307 2584 454 2619 mum
520 2569 806 2623 inducatis
875 2571 967 2635 (id
1020 2572 1170 2639 quod
1226 2572 1305 2624 ita
1358 2575 1477 2632 est)
1546 2590 1649 2621 vos
1715 2570 1928 2622 idcirco

304 2669 334 2704 a
373 2657 721 2722 gravioribus
767 2658 997 2727 flagitiis
1044 2657 1348 2720 abstinere,
1398 2658 1549 2726 quod
1595 2657 1722 2710 istic
1766 2675 1927 2710 occa·

304 2737 485 2794 siones
539 2744 727 2796 Deum
780 2744 1105 2797 offendendi
1159 2744 1365 2807 desint,
1433 2743 1654 2796 fruendi
1713 2745 1925 2797 adsint.

306 2823 448 2878 Nam
496 2829 590 2897 qui
636 2830 899 2883 nesciunt
954 2830 1103 2883 unde
1149 2838 1372 2885 tantum
1422 2830 1558 2882 boni
1608 2830 1926 2898 proveniat,

304 2916 447 2977 quod
483 2916 590 2969 loci
627 2926 681 2970 et
721 2918 1167 2970 domesticorum
1206 2918 1547 2970 beneficium
1586 2924 1691 2980 est,
1733 2916 1928 2971 virtuti

303 2997 552 3055 tribuunt
600 3021 734 3068 suae,
818 3006 1057 3074 proinde
1113 3005 1403 3072 negligunt
1458 3022 1523 3055 ea
1577 3022 1702 3072 quae
1756 3023 1928 3073 parva

382 3131 411 3163 l.
429 3140 461 3163 ῐῐ
477 3134 558 3167 Cor.
577 3136 645 3175 XI,
663 3138 716 3171 14.
