2665 3754
700 336 805 404 328
1046 347 1229 386 LIBER
1266 348 1804 391 V111.-EP1sr01,A
1840 352 1979 391 xxn.

694 483 1066 539 concinnabis
1118 484 1269 554 quod
1322 503 1452 538 cum
1513 484 1806 555 voluptate
1867 503 2059 555 speres
2109 504 2143 538 a
2192 503 2320 555 rege

694 579 750 626 et
778 571 936 641 regni
964 571 1292 641 proceribus
1319 571 1640 641 legendum.
1719 572 1858 626 Aliis
1885 572 2092 627 deinde
2119 571 2320 627 litteris

692 677 813 712 rem
885 657 1053 728 hujus
1132 657 1350 728 collegii
1428 658 1762 712 familiarem
1811 655 1958 729 >ejus
2029 658 2318 728 Majestatxi

692 745 1144 809 commendabiS,
1187 754 1465 815 quantum
1516 746 1593 814 illi
1650 746 1816 811 desit,
1870 753 1931 799 ut
1988 745 2168 815 possit
2223 747 2345 814 par

694 849 818 886 esse
884 830 1131 885 ferendis
1203 831 1469 885 oneribus
1536 832 1740 902 quibus
1810 832 2085 902 subjacet,
2154 849 2322 901 expo-

694 934 855 972 nens,
934 918 1431 971 Commemorabis
1482 919 1617 989 quid
1675 926 1958 973 certorum
2016 918 2322 988 quotannis

696 1023 971 1061 censuum
1035 1004 1281 1074 colligat,
1347 1005 1481 1075 quid
1546 1006 1975 1061 extraordinarii
2050 1005 2322 1070 donati-vi,

702 1093 932 1164 quando
977 1093 1279 1162 acceperit.

773 1181 903 1234 Hoc
955 1179 1224 1233 distincte
1281 1179 1555 1233 declarari
1608 1180 1852 1250 expedit,
1907 1180 2119 1233 idcirco
2172 1180 2323 1249 quod

697 1266 951 1335 intelligo
1003 1267 1307 1320 decernere
1374 1267 1612 1320 subinde
1685 1283 1893 1335 regem,
1949 1274 2013 1333 ut·
2063 1266 2324 1335 quaedam

697 1361 856 1406 extra
908 1351 1166 1405 ordinem
1219 1352 1618 1419 provenientes
1661 1352 1918 1421 pecuniae
1964 1371 1997 1405 a
2038 1350 2323 1405 fiscalibus

698 1443 904 1495 Goano
944 1439 1179 1509 collegio
1207 1440 1554 1503 tribuantur3
1597 1441 1654 1492 in
1692 1458 1805 1510 quo
1847 1458 1920 1492 an
1963 1439 2131 1509 regiae
2180 1456 2322 1491 sem-
2375 1425 2376 1428 Ἴ

693 1545 794 1597 per
845 1526 1168 1580 liberalitati
1215 1517 1458 1580 fidelitas
1509 1527 1632 1595 ejus
1685 1527 2078 1581 ministrorum
2132 1533 2326 1580 exacte

695 1615 1057 1684 respondeat,
1112 1614 1324 1665 nescio.
1406 1615 1662 1666 Edoctus
1704 1634 1800 1666 rex
1841 1622 2120 1683 quantum
2162 1632 2317 1664 acce-

693 1702 860 1772 periS,
914 1701 960 1756 si
1013 1701 1148 1771 quid
1202 1702 1390 1755 minus
1442 1719 1615 1771 quam
1663 1703 1912 1771 jusserat
1968 1707 2326 1755 numeratum

691 1791 914 1854 viderit,
983 1789 1205 1843 refundi
1262 1790 1525 1844 videlicet
1592 1790 1833 1845 curabit.
1912 1790 2207 1861 Adjunges
2258 1791 2328 1844 de

696 1878 977 1942 Patribus,
1011 1878 1106 1948 qui
1147 1896 1214 1932 ex
1253 1877 1362 1933 hoc
1401 1878 1636 1949 collegio
1677 1878 2108 1949 evangelizandi
2146 1878 2327 1949 gratia

693 1967 752 2021 in
795 1966 919 2020 loca
963 1965 1119 2019 varia
1164 1965 1492 2030 mittuntur,
1541 1986 1639 2020 eos
1683 1966 2032 2037 plerumque,
2079 1967 2174 2021 ubi
2216 1985 2328 2037 quo

692 2053 1053 2107 destinantur
1114 2053 1494 2122 pervenerint,
1540 2054 1809 2123 gravibus
1868 2054 1978 2107 illic
2025 2054 2096 2107 ab
2141 2070 2326 2107 rerum

693 2141 1142 2194 necessariarum
1195 2141 1388 2210 inopia
1448 2140 1874 2194 difficultatibus
1935 2140 2202 2211 impediri
2258 2157 2327 2193 ne

691 2234 844 2281 recte
889 2226 1074 2279 officio
1107 2225 1443 2295 fungantur.
1524 2228 1711 2296 Quare
1765 2244 2035 2296 suggeres
2091 2227 2326 2296 dignum

689 2315 866 2367 videri
907 2323 1114 2368 caetera
1152 2315 1421 2384 religione
1461 2334 1526 2368 ac
1567 2315 1964 2368 munificentia
2007 2314 2327 2384 Majestatis

690 2403 831 2470 erS,
898 2401 1048 2455 mitti
1112 2401 1222 2455 huc
1286 2401 1537 2470 diploma
1593 2402 1699 2455 rite
1757 2402 2142 2470 obsignatum,
2209 2416 2321 2469 quo

691 2488 1054 2557 praecipiatur
1105 2495 1166 2540 ut
1219 2488 1424 2557 quibus
1476 2489 1533 2540 in
1587 2488 1810 2541 arcibus
1868 2488 2166 2540 Lusitanis
2217 2494 2325 2539 sta-

690 2575 876 2629 tiones
930 2576 1162 2627 Patrum
1218 2574 1522 2628 Societatis
1567 2583 1717 2637 sunt,
1766 2592 1959 2628 earum
2006 2593 2072 2626 ex
2118 2573 2315 2626 aerario

691 2668 747 2713 et
793 2660 1089 2729 apothecis
1135 2661 1302 2729 regiis
1355 2661 1672 2713 necessaria
1719 2661 1825 2712 illis
1871 2679 2000 2713 cum
2048 2660 2317 2712 alimenta

692 2755 815 2802 tum
859 2755 1066 2801 caetera
1108 2747 1361 2801 subsidia
1404 2755 1794 2816 suggerantur.

767 2834 936 2899 Aliud
985 2843 1261 2904 praeterea
1313 2834 1564 2904 diploma
1609 2836 1859 2904 expediri
1907 2835 2164 2897 mandet,
2213 2849 2324 2903 quo

689 2921 914 2989 proprie
957 2921 1286 2989 injungatur
1326 2920 1597 2989 praefecto
1650 2921 1979 2983 Malacensi,
2026 2929 2087 2974 ut
2131 2920 2189 2973 in
2231 2921 2323 2990 Ja-

692 3006 866 3077 ponia
912 3006 1250 3076 degentibus
1298 3007 1559 3061 Patribus
1605 3007 1906 3076 pecuniam
1945 3026 1975 3060 e
2012 3008 2149 3061 fisco
2195 3005 2320 3060 sub-

697 3094 907 3158 mittat,
938 3095 1089 3152 unde
1129 3094 1239 3146 illic
1266 3094 1506 3147 tolerare
1545 3095 1721 3148 vitam
1762 3094 2009 3163 possint3
2052 3092 2320 3170 quoniam
