2639 3798
669 413 855 452 LIBER
892 414 1429 453 V111.—EPISTOLA
1469 416 1507 452 1.
1805 416 1905 469 171

268 575 390 608 ram
444 563 737 618 navarent,
786 562 842 608 et
896 554 1119 622 magnis
1171 573 1231 607 se
1284 553 1562 607 fructibus
1615 572 1906 608 commen-

269 645 493 697 darent.

342 730 545 782 Putavi
589 736 864 797 praeterea
911 730 1327 796 suggerendum
1371 736 1587 780 sanctae
1634 727 1901 780 charitati

267 824 381 871 tuae
424 822 503 879 ut,
549 815 595 869 si
656 814 760 869 tibi
802 814 1106 879 videretur,
1146 815 1376 884 juberes
1420 814 1617 866 haberi
1665 815 1905 867 severio-

268 922 387 955 rem
441 902 725 955 delectum
779 921 994 964 eorum,
1045 901 1139 970 qui
1187 920 1254 954 ex
1300 901 1551 969 collegiis
1607 902 1905 969 Hispaniae

268 997 323 1041 et
381 989 695 1040 Lusitaniae
761 988 1068 1040 mittuntur
1125 988 1181 1039 in
1243 987 1470 1039 Indiam
1537 987 1614 1039 ibi
1678 987 1900 1041 victuri.

270 1077 572 1129 Praestaret
613 1076 757 1126 duos
795 1082 1023 1126 tantum
1065 1092 1215 1125 anno
1244 1074 1497 1142 quolibet
1525 1072 1636 1125 huc
1666 1073 1901 1137 solvere,

267 1163 403 1216 dum
455 1162 598 1215 tales
645 1170 835 1214 essent
889 1162 1084 1230 quales
1130 1161 1217 1213 hae
1265 1162 1525 1227 regiones
1579 1160 1900 1229 requirunt:

266 1250 513 1319 primum
561 1249 700 1302 satis
752 1257 1054 1317 provectos
1100 1249 1158 1301 in
1205 1248 1554 1317 perfectione
1603 1248 1903 1318 spirituali,

267 1346 468 1407 postea
513 1344 569 1389 et
607 1336 868 1389 doctrina
926 1344 981 1389 et
1028 1335 1294 1389 facundia
1339 1336 1631 1404 praeditOS,
1689 1343 1904 1405 quanta

268 1443 411 1493 opus
482 1432 567 1477 est
614 1425 686 1476 ad
741 1424 1203 1477 concionandum
1258 1431 1313 1475 et
1368 1422 1759 1476 confessiones
1812 1442 1906 1476 au-

268 1511 523 1565 diendaS.
606 1513 681 1564 Et
728 1510 833 1563 hos
886 1529 1151 1579 cuperem
1198 1518 1298 1563 tuo
1339 1511 1502 1579 jussu
1555 1510 1904 1579 peregrinat-i

271 1601 536 1662 Romam,
584 1608 893 1668 antequam
959 1599 1031 1651 ad
1094 1617 1199 1651 nos
1262 1598 1549 1667 navigent.
1631 1599 1783 1651 Nam
1850 1605 1906 1652 et

267 1687 391 1740 istae
433 1687 700 1740 itinerum
745 1686 1113 1755 probationes
1157 1687 1228 1739 ad
1258 1705 1355 1739 eos
1399 1685 1731 1740 formandos
1773 1704 1905 1740 con-

268 1774 473 1838 ferunt,
528 1774 663 1843 quid
717 1774 938 1843 possint
985 1774 1123 1843 ipsis
1170 1775 1502 1838 ostendunt,
1554 1775 1627 1826 ad
1680 1774 1905 1826 labores
1951 1816 1954 1818 .

267 1864 492 1924 durant,
556 1863 828 1914 adversus
893 1862 1142 1929 pericula
1207 1862 1396 1915 futura
1479 1864 1901 1930 praeteritorum

267 1949 495 2000 innoxie
553 1949 840 2001 aditorum
895 1948 1291 2001 recordatione
1360 1950 1732 2011 confirmant3
1813 1950 1906 2002 de-

268 2036 437 2103 nique
478 2035 558 2088 sic
597 2053 1032 2104 consequemur,
1076 2043 1136 2088 ut
1177 2035 1269 2088 hic
1298 2036 1355 2087 in
1394 2035 1898 2088 concursationum

266 2122 710 2189 apostolicarum
775 2122 1077 2173 sudoribus
1138 2122 1270 2174 novi
1325 2140 1440 2173 non
1499 2122 1633 2185 sint,
1712 2122 1907 2190 quales

211 2229 214 2232 ’
267 2208 771 2277 deprehenduntur
822 2208 918 2275 qui
971 2208 1235 2260 sedentes
1289 2207 1400 2260 huc
1452 2227 1596 2261 nave
1649 2208 1821 2262 delati
1875 2227 1905 2262 e

266 2295 450 2362 patria
496 2296 646 2348 unde
693 2313 986 2364 nunquam
1030 2295 1305 2358 exierunt,
1354 2294 1763 2363 campestrium
1806 2313 1902 2363 pe-

268 2382 716 2451 regrinationum
763 2401 929 2436 usum
978 2382 1193 2435 nullum
1240 2381 1473 2434 habent.

341 2470 492 2524 Sane
532 2478 618 2525 tot
659 2469 751 2525 hic
790 2469 1067 2525 illecebrae
1104 2471 1175 2524 ad
1206 2469 1523 2535 mollitiem,
1554 2477 1717 2523 tanta
1755 2478 1902 2523 tam-

268 2575 376 2624 que
437 2556 675 2625 pellacia
737 2575 852 2610 non
915 2557 1087 2610 modo
1140 2557 1212 2610 ad
1274 2557 1655 2611 cessationem
1729 2565 1902 2627 atque

268 2645 563 2708 desidiam,
624 2646 724 2696 sed
782 2645 956 2696 etiam
1015 2644 1086 2696 ad
1146 2644 1459 2711 nequitiam
1521 2644 1905 2698 invitamenta

268 2741 416 2797 sunt,
461 2742 523 2785 ut
566 2752 762 2785 eorum
804 2733 1001 2795 virtus,
1047 2732 1142 2800 qui
1187 2732 1343 2784 hisce
1389 2731 1711 2784 animarum
1758 2731 1904 2800 peri-

268 2819 406 2873 culis
446 2821 754 2889 objiciendi
791 2828 942 2884 sunt,
973 2820 1267 2890 exquisitis
1302 2820 1458 2889 prius
1499 2819 1906 2889 experimentis

267 2908 561 2974 probanda
613 2909 900 2971 videatur3
959 2927 1028 2961 ne
1075 2908 1121 2961 si
1169 2908 1264 2978 qui
1320 2908 1508 2961 minus
1561 2909 1752 2961 idonei
1805 2910 1904 2962 ob-

268 2995 562 3062 repserint,
593 3015 696 3065 pro
737 3003 964 3064 sperata
1006 2996 1170 3049 nobis
1212 2996 1606 3071 consolatione
1648 2997 1902 3065 ipsorum

269 3083 548 3143 adventus
593 3092 649 3137 et
697 3084 1010 3147 convictUS,
1042 3083 1334 3151 negotium
1381 3083 1577 3152 potius
1624 3083 1905 3137 molestis-

271 3168 477 3226 simum
524 3171 829 3235 facessant,
874 3190 940 3224 ea
983 3171 1412 3224 committentes
1455 3172 1528 3224 ob
1575 3190 1702 3241 quae
1749 3170 1907 3242 ipsos
