2649 3754
573 358 676 426 198
956 371 1140 411 LIBER
1177 371 1715 411 vm.—EPIST0LA
1756 371 1818 410 11.

639 498 886 551 Posthac
963 499 1020 550 in
1084 499 1390 569 Japoniam
1457 500 1587 552 novi
1662 499 1970 568 quotannis
2046 499 2198 551 Socii

564 585 639 648 (si
705 586 828 637 Deo
891 585 1048 637 cordi
1102 585 1237 648 erit)
1296 586 1722 648 submittemus,
1778 593 1833 639 et
1891 585 2195 639 Societatis

559 671 911 725 domicilium
975 672 1315 740 Amangucii
1379 672 1775 736 constituetur,
1847 672 1942 726 ubi
2004 682 2195 741 patres

556 758 808 827 linguam
849 759 1150 811 addiscant
1191 760 1572 823 vernaculam,
1616 768 1670 813 et
1713 761 1987 829 cujusque
2022 768 2194 813 sectae

557 846 856 916 opiniones
919 856 1090 916 atque
1152 847 1415 900 instituta
1483 856 1852 917 cognoscant.
1953 849 2040 901 Ita
2095 849 2193 901 fiet

558 943 619 1005 Ut
660 935 754 1002 qui
797 935 964 987 istinc
997 954 1027 987 e
1063 935 1349 988 Societate
1389 936 1612 988 venturi
1654 943 1785 988 sunt
1830 935 2192 989 Banduensis

559 1022 869 1075 academiae
926 1023 1194 1090 juvandae
1258 1041 1447 1086 causa,
1515 1023 1714 1075 Socios
1768 1023 1844 1074 ibi
1907 1022 2193 1091 reperiant

557 1110 855 1180 Japonicae
901 1110 1106 1178 linguae
1161 1128 1226 1162 ac
1264 1110 1554 1177 religionis·
1606 1111 1836 1178 peritos,
1918 1113 2059 1179 Quae
2107 1129 2196 1163 res

560 1195 810 1248 maximo
864 1196 1059 1264 utique
1113 1196 1217 1249 erit
1265 1197 1599 1264 adjumento
1656 1197 1956 1265 Europaeis
2012 1197 2191 1251 Patri-

558 1283 682 1346 buS,
732 1283 936 1352 quibus
981 1282 1263 1353 Japonica
1310 1282 1603 1351 provincia
1650 1283 1961 1337 obvenerit.

634 1370 879 1426 Cosmus
924 1370 1239 1422 Turrianus
1285 1377 1340 1422 et
1385 1372 1640 1440 Joannes
1690 1370 2088 1423 Ferdinandus
2135 1370 2191 1423 in

557 1457 861 1526 praesentia
899 1457 1007 1510 toti
1048 1464 1181 1510 sunt
1223 1456 1279 1508 in
1320 1455 1646 1509 christianis
1688 1456 1973 1525 mysteriis
2014 1475 2190 1510 enun-

558 1544 790 1607 tiandis,
839 1552 893 1596 et
943 1544 1301 1596 sermonibus
1345 1544 1415 1595 de
1461 1543 1747 1611 praeclaris
1796 1542 2010 1597 Christi
2067 1544 2200 1598 faci-

559 1633 792 1685 noribus
838 1632 1118 1683 habendis
1166 1632 1238 1683 ad
1286 1631 1578 1699 populum.
1658 1634 1740 1683 Ac
1789 1631 1950 1684 multi
1998 1651 2196 1685 eorum

559 1720 640 1773 ita
687 1719 968 1788 ejusmodi
1023 1737 1210 1771 rerum
1258 1718 1807 1772 commemoratione
1854 1719 2194 1784 afficiuntur,

558 1816 620 1861 ut
678 1806 892 1861 Christi
945 1805 1232 1859 cruciatus
1275 1824 1588 1874 necemque
1634 1806 1767 1859 fletu
1818 1824 1884 1859 ac
1929 1806 2195 1876 lacrymis

558 1902 995 1963 prosequantur.
1095 1895 1341 1945 Cosmus
1413 1902 1669 1945 nostrate
1739 1894 1929 1962 lingua
1997 1894 2195 1947 scribit

559 1981 893 2039 conciones;
943 1998 1039 2031 eas
1084 1980 1290 2030 deinde
1340 1970 1757 2042 FerdinandUS,
1804 1980 2004 2047 patriae
2049 1981 2196 2048 ipso-

558 2085 682 2118 rum
717 2066 922 2132 linguae
952 2066 1090 2117 satis
1118 2083 1345 2132 gnarUS,
1390 2066 1670 2118 convertit
1708 2067 1997 2133 japonice.
2081 2069 2201 2119 Ho-

558 2172 682 2205 rum
724 2171 897 2219 opera
938 2151 1232 2204 christiani
1276 2170 1515 2218 magnos
1553 2151 1610 2203 in
1638 2151 1853 2218 pietate
1895 2171 2198 2219 processus

561 2241 792 2291 habent.
874 2238 1164 2306 Neophyti
1211 2239 1364 2289 enim
1413 2239 1507 2305 qui
1556 2239 1690 2288 olim
1739 2258 1871 2290 suos
1919 2240 2043 2290 illos
2089 2239 2199 2291 cal-

559 2326 815 2377 culorum
850 2325 1078 2375 ordines
1118 2324 1197 2374 ita
1236 2310 1498 2392 precibus
1539 2325 1936 2387 decurrebant,
1981 2333 2040 2376 ut
2082 2310 2194 2375 sinss

559 2412 795 2482 gulatim
841 2412 1172 2464 insistentes
1219 2428 1334 2462 suae
1383 2410 1621 2479 quisque
1670 2418 1840 2463 sectae
1892 2418 2193 2479 parentem

563 2498 907 2552 nominatim
960 2498 1311 2559 invocarent,
1361 2514 1512 2548 nunc
1568 2496 1783 2549 Christi
1838 2497 2063 2550 colendi
2111 2515 2197 2551 ra-

561 2584 779 2638 tionem
854 2582 1060 2645 edocti,
1138 2582 1210 2634 ad
1274 2581 1548 2649 pietatem
1620 2581 2070 2646 conformantur,
2141 2591 2202 2637 ut

564 2671 746 2722 avitas
800 2669 1236 2737 superstitiones
1288 2676 1627 2721 convertant
1680 2669 1738 2721 in
1796 2670 1902 2721 Dei
1962 2669 2200 2723 cultum.

641 2758 839 2826 Usque
891 2757 1035 2808 adeo
1089 2764 1280 2808 autem
1329 2754 1508 2807 seduli
1556 2763 1688 2808 sunt
1735 2755 1792 2807 in
1840 2755 1948 2808 hoc
1995 2775 2201 2826 genere

562 2855 618 2898 et
672 2845 897 2908 curiosi,
962 2852 1023 2897 ut
1077 2862 1206 2896 cum
1273 2862 1332 2895 se
1386 2861 1551 2896 cruce
1614 2845 1837 2912 signare
1900 2845 2199 2908 docentur,

562 2932 854 2999 requirant
909 2932 1043 2999 quid
1099 2931 1204 2982 sibi
1258 2930 1419 2983 velit:
1485 2932 1552 2981 In
1608 2930 1841 2993 nomine
1892 2931 2094 2995 Patris,
2144 2939 2200 2984 et

565 3018 712 3081 Filii,
777 3026 832 3071 et
897 3018 1141 3087 Spiritus
1205 3017 1416 3079 sancti3
1485 3017 1620 3086 quid
1686 3018 1757 3070 sit
1807 3035 2013 3070 'causae
2082 3035 2199 3082 cur,

561 3107 793 3161 dextera
855 3106 1103 3178 primum
1158 3106 1230 3160 ad
1285 3112 1457 3174 caput
1513 3104 1755 3171 sublata,
1819 3105 2069 3162 dicatur:
2135 3106 2205 3160 In
