2639 3798
665 360 862 401 maan
881 360 1013 401 vm.
1033 373 1107 386 --
1125 361 1417 403 Ems‘roLA
1453 361 1567 405 xm.
1823 362 1927 418 297

304 499 383 554 tia
397 515 411 561 ;
476 497 733 567 impense
791 504 985 549 autern
1048 514 1272 566 semper
1321 496 1648 551 incumbere
1700 497 1758 550 in
1795 506 1925 552 *st-u-

304 585 459 639 dium
524 590 579 637 et
639 583 977 637 exercitium
1051 584 1513 652 aequanimitatis,
1588 585 1925 649 tolerantiae,

302 668 659 733 obedientiae,
701 667 1055 733 humilitatis,
1098 686 1211 738 quo
1249 667 1384 722 viris
1422 669 1664 724 subditae
1709 669 1924 735 vivant,

300 764 466 828 prout
497 756 822 810 christianis
860 755 1187 821 mulieribus
1229 754 1535 824 Scripturae
1575 755 1921 824 Apostolicae

300 842 657 913 praecipiunt.

374 927 468 982 Sic
514 927 609 981 ubi
653 926 880 981 abunde
930 926 1294 996 purgaverint
1344 926 1498 996 apud
1543 926 1694 981 viros
1745 929 1927 997 suspi-

301 1018 493 1072 ciones
521 1015 785 1070 uxoribus
824 1011 1066 1079 favendi,
1107 1022 1345 1067 caveant
1384 1013 1635 1067 vicissim
1669 1033 1740 1068 ne
1772 1016 1923 1086 apud

302 1102 563 1158 mulieres
619 1100 928 1165 offendant,
976 1101 1103 1170 jure
1154 1100 1403 1171 suspecti
1456 1109 1731 1171 tanquam
1787 1102 1925 1172 ipsis

300 1189 605 1261 iniquiores
645 1188 703 1241 in
741 1187 983 1259 gratiam
1023 1187 1299 1249 virorum;
1351 1206 1523 1257 quare
1563 1206 1636 1242 ne
1676 1188 1765 1242 his
1804 1189 1925 1260 qui-

300 1280 428 1332 dem
471 1294 587 1347 prae
629 1293 689 1329 se
729 1275 914 1328 ferant
959 1276 1206 1337 credere,
1254 1276 1389 1326 dum
1436 1275 1658 1344 culpam
1689 1295 1820 1329 ase
1866 1277 1924 1329 in

298 1380 497 1418 uxores
561 1360 877 1416 conferunt.
974 1361 1087 1414 Sed
1144 1361 1345 1429 jugum
1409 1368 1638 1416 staterae
1701 1370 1923 1417 rectum

298 1449 632 1512 sustineant,
662 1455 1022 1501 neutrorsum
1051 1446 1407 1510 declinandO,
1438 1454 1493 1500 et
1521 1466 1736 1512 aurem,
1766 1449 1920 1518 quod

294 1535 516 1598 dicitur,
582 1553 678 1588 reo
746 1551 908 1587 suam
973 1540 1215 1597 servent,
1293 1550 1408 1586 non
1482 1535 1925 1590 condemnando

296 1639 638 1692 quemquam
679 1621 787 1674 nisi
827 1620 1104 1684 auditum,
1133 1627 1189 1674 et
1222 1629 1552 1689 comparata
1591 1620 1926 1675 defensione

297 1726 425 1764 cum
470 1707 725 1763 crimine.

370 1797 459 1850 Ita
486 1812 605 1850 rem
633 1794 1104 1858 administrand0‚
1133 1802 1511 1865 praeterquam
1546 1797 1918 1851 offensionem

296 1883 523 1953 negotio
585 1882 963 1951 perniciosam
1020 1881 1249 1936 alterius
1312 1883 1787 1938 contendentium
1839 1885 1918 1939 vi·

294 1972 515 2034 tabunt,
556 1970 729 2023 etiam
769 1969 842 2022 ad
882 1968 1182 2022 veritatem
1223 1968 1453 2038 propius
1493 1971 1766 2025 accedent
1786 1990 1800 2035 ;
1843 1970 1920 2025 fe·

296 2076 354 2112 re
404 2057 614 2128 quippe
664 2056 723 2110 in
771 2055 984 2110 talibus
1036 2062 1270 2126 uterque
1321 2056 1379 2109 in
1425 2056 1590 2126 culpa
1640 2066 1745 2124 est,
1795 2059 1924 2129 plus

295 2144 521 2215 quidem
566 2142 675 2206 hic,
706 2142 895 2195 minus
936 2141 1095 2194 alter.
1158 2141 1369 2210 Reipsa
1410 2159 1542 2210 pars
1586 2143 1777 2196 delicti
1821 2162 1923 2197 sua

295 2231 495 2302 cuique
546 2228 840 2298 competit,
888 2236 949 2281 ut
995 2228 1206 2297 justius
1258 2236 1388 2297 agat
1440 2228 1535 2298 qui
1587 2230 1792 2283 ambos
1837 2231 1918 2284 in-

295 2318 538 2382 simulet,
591 2324 855 2371 neutrum
906 2315 1073 2384 plane
1127 2315 1413 2377 absolvat;
1470 2324 1810 2371 cunctanter
1849 2337 1920 2372 -ac

295 2404 701 2473 circumspecte
766 2401 1003 2456 audiens
1063 2401 1442 2455 admittensve
1488 2419 1614 2471 quae
1669 2403 1918 2473 allegant

294 2509 395 2561 pro
440 2510 499 2545 se
544 2489 801 2561 quisque.
880 2488 1356 2557 Compendiosior
1396 2487 1517 2542 haec
1561 2490 1633 2543 ad
1679 2507 1918 2561 scopum

293 2585 503 2648 optatae
548 2575 964 2632 conciliationis
1008 2575 1099 2628 via
1151 2582 1254 2639 est,
1309 2575 1674 2647 securiusque
1722 2595 1915 2632 occur·

292 2664 361 2719 rit
402 2663 644 2736 querelis
688 2670 745 2718 et
790 2661 1147 2716 sermonibus
1193 2662 1340 2716 male
1385 2662 1733 2718 feriatorum.

360 2753 446 2806 Ad
497 2759 813 2806 extremum
874 2748 970 2820 qui
1022 2767 1082 2802 se
1135 2747 1342 2803 frustra
1393 2749 1451 2802 in
1504 2749 1593 2804 his
1654 2751 1913 2819 laborare

290 2836 720 2909 deprehenderit
766 2835 959 2890 omnia
1004 2842 1263 2899 conatuS,
1310 2843 1505 2904 partes
1550 2855 1693 2907 quas
1738 2840 1914 2893 addu-

291 2944 413 2981 cere
453 2928 511 2980 in
553 2925 917 2980 concordiam
961 2925 1223 2993 desperat
1266 2942 1452 2993 posse,
1497 2925 1571 2978 ad
1614 2927 1912 2982 dominum

292 3013 618 3083 episcopum
681 3019 779 3066 aut
851 3011 973 3080 ejus
1044 3010 1316 3064 vicarium
1390 3011 1665 3078 remittat,
1734 3014 1913 3084 idque

292 3107 489 3157 neutra
550 3098 915 3165 exacerbata,
987 3096 1075 3153 vel
1128 3114 1162 3152 a
1226 3114 1285 3151 se
1356 3097 1639 3171 appellata
1703 3099 1915 3160 durius.
