2665 3754
724 371 830 424 320
1072 356 1260 409 LI'BER
1298 370 1425 408 vm.
1447 377 1520 391 -a-
1541 367 1837 406 EPISTOLA.
1872 367 2011 405 xxn.

725 519 942 581 quanto
983 511 1167 565 fructu
1217 513 1414 566 Patres
1460 512 1640 566 nostri
1687 512 1743 565 in
1785 512 1901 565 suis
1939 510 2238 565 territoriis
2281 512 2356 566 la-

722 600 944 651 borent.
1025 601 1156 651 Hoc
1208 599 1414 651 iterum
1466 618 1569 668 pro
1631 599 1709 651 rei
1768 606 2063 651 momento
2115 597 2354 663 inculco,

723 685 957 754 provide
1000 686 1173 739 etiam
1219 694 1392 755 atque
1445 687 1637 750 etiam,
1693 703 1793 738 oro
1845 693 1920 749 te,
1975 694 2149 755 atque
2202 686 2356 738 omni

722 770 943 822 ratione
986 778 1181 838 satage
1215 779 1276 823 ut
1320 771 1378 823 in
1422 771 1646 823 arcibus
1688 771 2006 838 praesertim
2055 771 2355 825 Lusitano-

725 874 870 921 rum,
928 859 1107 911 nostri
1163 860 1258 928 qui
1318 860 1596 912 stationes
1651 859 1762 912 illic
1833 859 2046 912 habent
2122 857 2354 928 conjuri*

723 943 976 997 ctissime
1017 962 1145 997 cum
1186 944 1573 1014 proepiscopis
1609 944 1822 1008 vivant,
1854 961 1959 998 nec
1996 962 2356 1014 quacumque

723 1034 958 1087 tandem
1015 1051 1081 1085 ex
1143 1051 1316 1087 causa
1377 1032 1548 1086 ullam
1607 1051 1738 1086 cum
1800 1032 1868 1085 iis
1925 1031 2354 1087 contentionem

725 1120 1057 1189 suscipiant.

797 1209 879 1258 Ac
940 1225 1053 1275 quo
1105 1208 1231 1275 plus
1300 1207 1422 1259 haec
1490 1208 1917 1258 commendatio
1984 1207 2135 1275 apud
2205 1206 2356 1275 ipsos

723 1292 931 1345 habeat
969 1292 1256 1359 ponderiS,
1299 1293 1509 1346 diserte
1563 1293 1849 1361 perscribe
1908 1292 2110 1345 iisdem
2154 1293 2354 1346 litt-eris

723 1376 928 1447 quibus
987 1375 1098 1429 hoc
1161 1376 1480 1440 mandabiS‚
1535 1396 1626 1430 me
1688 1376 1745 1430 in
1811 1377 1981 1431 Sinas
2042 1377 2354 1432 solventem

724 1465 999 1533 scriptum
1033 1465 1090 1517 in
1131 1465 1239 1518 hoc
1280 1465 1515 1534 collegio
1545 1466 1882 1518 mandatum
1922 1465 2025 1518 tibi
2066 1464 2355 1535 reliquisse

724 1549 988 1618 ejiciendi
1031 1569 1061 1603 e
1105 1550 1392 1605 Societate
1446 1568 1836 1620 quoscumque
1891 1558 2216 1605 nostrorum
2264 1551 2356 1621 qui

723 1637 874 1705 apud
914 1636 1322 1706 proepiscopos
1361 1631 1719 1699 offenderint,
1750 1644 1847 1690 aut
1888 1655 2018 1689 cum
2059 1636 2126 1689 iis
2168 1636 2355 1690 simul·

727 1731 876 1778 tates
918 1725 1327 1793 quoquomodo
1370 1723 1742 1793 susceperint.
2331 1736 2333 1738 ’

799 1811 948 1880 Ages
1007 1817 1138 1879 post
1185 1829 1376 1864 meum
1435 1810 1750 1865 discessum
1793 1828 1922 1865 cum
1967 1810 2203 1866 domino
2246 1811 2356 1881 epi·

727 1917 918 1970 scop0,
966 1906 1046 1963 ut,
1095 1899 1141 1951 si
1188 1898 1238 1951 ei
1280 1897 1558 1961 videatur,
1605 1898 1815 1952 scribat
1883 1898 1953 1951 de
1994 1897 2237 1969 Jubilaeo
2288 1898 2358 1952 ad

724 1987 851 2040 loca
891 1986 984 2039 ubi
1027 1988 1225 2038 Patres
1266 1986 1572 2038 Societatis
1612 1994 1762 2049 sunt,
1799 1987 2009 2054 jubens
2060 1986 2195 2038 illud
2234 2001 2357 2059 pro-

726 2071 984 2142 mulgari,
1029 2090 1142 2141 quo
1184 2071 1504 2123 animarum
1551 2071 1768 2124 fructus
1811 2091 1878 2124 ex
1920 2090 1988 2124 eo
2030 2071 2127 2141 qui
2170 2089 2356 2141 spera-

726 2167 818 2214 tur
862 2159 1044 2228 possit
1090 2158 1347 2212 existere.
1430 2160 1711 2212 Laxatum
1773 2159 1904 2212 huic
1947 2158 2190 2230 Jubilaeo
2236 2170 2357 2229 ‘spa-

725 2245 868 2300 tium
921 2253 1006 2298 est
1059 2245 1116 2297 in
1168 2252 1354 2298 totum
1408 2244 1560 2299 hunc
1612 2262 1829 2299 annum
1885 2258 2044 2313 1552,
2094 2252 2154 2300 ut
2207 2262 2356 2300 com-

728 2333 897 2387 mode
947 2332 1174 2386 valeant
1221 2349 1288 2385 eo
1334 2331 1441 2385 frui
1495 2340 1776 2401 quotquot
1823 2332 1881 2384 in
1926 2331 2152 2385 arc-ibus
2200 2329 2356 2384 Lusi-

725 2427 993 2473 tanorum
1033 2418 1185 2471 varie
1225 2417 1437 2487 sparsis
1464 2436 1565 2487 per
1593 2418 1808 2481 IndiaS‚
1837 2417 2034 2487 procul
2073 2417 2359 2471 interdum

727 2506 801 2559 ab
852 2505 1281 2575 opportunitate
1338 2505 1618 2574 purgandi
1681 2505 1938 2558 animum
1990 2522 2093 2573 per
2143 2502 2359 2557 confes-

727 2593 919 2648 siones
960 2593 1202 2662 degunt;
1260 2592 1464 2662 quibus
1526 2591 1618 2646 illa
1661 2610 1824 2646 mora
1865 2591 2075 2661 poterit
2119 2589 2353 2653 consuli,

728 2680 1135 2734 submittendis
1177 2699 1244 2732 ex
1286 2678 1411 2731 aliis
1452 2678 1510 2730 in
1554 2677 1665 2731 alia
1706 2678 1832 2732 loca
1873 2677 1969 2731 ubi
2012 2693 2156 2748 opus
2198 2675 2360 2731 fueri-t

729 2767 939 2820 nostris
989 2767 1270 2819 Patribus,
1352 2768 1440 2818 Ea
1481 2765 1620 2818 mihi
1660 2783 1833 2819 causa
1873 2766 1978 2819 fuit
2019 2762 2358 2834 procurandi

728 2862 789 2907 ut
841 2854 903 2905 in.
952 2853 1105 2905 hunc
1157 2871 1373 2904 annum
1425 2851 1752 2904 universum
1806 2851 2046 2904 facultas
2102 2846 2355 2903 lucrandi·

728 2949 853 2994 tam⁴
891 2940 1173 3009 insignem
1216 2939 1458 3009 gratiam
1506 2940 1927 2992 extenderetur.

804 3026 863 3080 Si
907 3026 1051 3081 forte
1096 3026 1243 3080 inter
1291 3027 1490 3080 Patres
1532 3026 1629 3096 qui
1671 3025 1781 3080 hoc
1824 3042 1976 3080 anno
2004 3042 2034 3080 e
2065 3021 2358 3079 Lusitania

734 3114 984 3178 venient,
1034 3114 1205 3184 aliqui
1252 3121 1443 3167 essent
1490 3108 1760 3167 facultate
1806 3113 2033 3166 dicendi
2075 3114 2148 3166 ad
2188 3127 2361 3181 popu--
