2639 3798
736 348 919 386 LIBER
959 348 1060 387 VII.
1083 363 1155 371 ·—
1177 348 1471 387 EPISTOLA
1517 351 1552 386 1.
1856 350 1956 403 103

323 505 423 538 nos
493 484 767 553 cogitatio
836 483 999 536 valde
1053 484 1336 548 sollicitat,
1410 503 1479 539 ne
1542 486 1756 556 ‚divinae
1827 486 1955 557 opis

322 590 457 628 aura
524 579 764 625 conatus
836 579 1062 624 nostros
1133 573 1204 625 ad
1275 572 1419 624 fines
1489 591 1604 624 non
1676 572 1953 642 provehat

325 667 570 730 optatos,
638 657 743 710 nisi
812 676 1021 726 magna
1085 659 1348 726 quaedam
1416 676 1637 714 morum
1707 659 1954 730 vitaeque

324 746 649 801 emendatio
714 746 770 797 in
835 746 1000 797 nobis
1065 746 1361 798 exstiterit.
1442 748 1630 815 Quam
1694 746 1766 798 ad
1832 764 1953 798 rem

324 831 783 901 deprecatoribus
861 831 1136 884 utendum
1215 841 1300 885 est
1383 832 1649 885 omnibus
1739 841 1951 886 nostrae

326 918 625 972 Societatis
689 917 1017 969 hominibus
1081 936 1146 969 ac
1211 916 1499 979 studiosis,
1566 924 1627 970 ut
1692 936 1793 985 per
1851 935 1950 970 eos

328 1002 597 1057 Ecclesiae
642 1002 917 1057 universae
962 1003 1175 1058 Christi
1222 1004 1455 1057 Domini
1504 1004 1685 1057 nostri
1723 1021 1951 1073 sponsae

325 1092 608 1154 sistamur,
650 1080 822 1160 quam
878 1109 980 1141 sua
1036 1088 1333 1143 nobiscum
1382 1089 1585 1144 merita
1628 1089 1953 1154 innumera-

328 1180 457 1233 bilia
501 1179 1054 1232 communicaturam
1097 1178 1456 1242 confidimus,
1499 1196 1717 1247 nosque
1745 1195 1959 1247 sponso

328 1285 445 1331 su0‚
501 1265 801 1341 eidemque
867 1263 1019 1317 Patri
1073 1272 1270 1317 nostro
1321 1266 1456 1336 Jesu
1507 1263 1757 1328 ChristO,
1812 1264 1958 1334 ejus-

327 1359 449 1424 que'
473 1353 851 1408 sanctissimae
907 1353 1135 1407 Parenti
1182 1352 1736 1407 commendaturam.

402 1444 491 1495 Ita
556 1440 652 1493 fiet
718 1447 779 1493 ut
843 1438 901 1491 hi
959 1456 1152 1492 rursus
1224 1446 1499 1493 aeternum
1557 1440 1805 1505 Patrem,
1859 1441 1957 1495 bo-

331 1546 528 1583 norum
577 1528 834 1581 omnium
883 1527 1099 1579 fontem
1147 1535 1319 1596 atque
1366 1533 1658 1580 auctorem
1702 1535 1959 1593 exorent,

330 1624 389 1668 ut
441 1633 545 1668 nos
598 1613 960 1668 continenter
1011 1614 1067 1666 in
1121 1613 1305 1667 officio
1358 1607 1674 1679 contineat,'
1723 1622 1780 1668 et
1832 1633 1972 1675 nos·,

329 1713 413 1755 tra
451 1702 659 1755 delicta
697 1721 797 1753 sua
834 1700 1057 1753 infinita
1102 1699 1359 1754 bonitate
1401 1701 1666 1766 obruens,
1705 1702 1961 1757 coelestia

326 1790 381 1842 in
435 1808 539 1842 nos
608 1790 759 1842 dona
824 1806 1130 1857 congerere
1197 1806 1312 1841 non
1378 1787 1637 1842 desistat.
1720 1789 1956 1842 Etenim

326 1879 443 1947 ejus
486 1879 763 1929 duntaxat
818 1895 990 1928 causa
1042 1875 1099 1927 in
1153 1874 1275 1928 haec
1321 1875 1446 1928 loca
1510 1875 1958 1945 demigravimus

329 1969 416 2029 (ut
483 1966 603 2034 ipse
669 1965 807 2017 mihi
873 1965 1125 2033 optimus
1190 1972 1276 2017 est
1345 1963 1525 2027 testiS‚
1595 1962 1685 2017 cui
1735 1972 1958 2018 mentes

326 2061 530 2105 nostrae
605 2052 953 2121 consiliaque
1018 2058 1318 2120 perspecta
1384 2054 1569 2116 sunt),
1640 2058 1696 2105 et
1762 2052 1955 2106 studio

326 2141 646 2194 vindicandi
701 2141 924 2194 animos
976 2139 1273 2195 hominum
1328 2158 1395 2194 ex
1434 2139 1703 2194 diuturna
1743 2139 1952 2195 daemo·

327 2229 409 2282 nis
461 2230 750 2292 servitute,
801 2229 894 2298 qui
943 2246 1045 2297 pro
1101 2229 1225 2280 Deo
1290 2227 1398 2281 coli
1448 2228 1640 2282 studet
1684 2227 1742 2281 in
1788 2229 1955 2283 terris

327 2316 594 2384 quoniam
671 2315 726 2368 id
798 2315 1022 2383 assequi
1103 2315 1355 2383 nequivit
1428 2315 1484 2368 in
1566 2315 1728 2379 coelo,
1805 2317 1955 2369 unde

326 2404 655 2457 deturbatus
745 2404 801 2455 in
898 2403 1159 2456 homines
1258 2411 1429 2472 atque
1518 2402 1623 2456 hos
1713 2403 1953 2458 miseros

325 2491 574 2559 Japones
626 2492 821 2544 odium
876 2492 1155 2560 expromit
1209 2509 1393 2544 suum.

398 2579 508 2631 Sed
569 2580 689 2647 jam
773 2579 1097 2632 faciendum
1163 2587 1249 2632 est
1315 2578 1480 2632 nobis
1546 2586 1606 2633 ut
1672 2578 1742 2633 de
1808 2580 1956 2633 Can-

326 2666 624 2730 goximana
667 2666 1120 2720 commoratione
1161 2667 1324 2720 vobis
1367 2684 1739 2736 exponamus.
1806 2668 1956 2723 Can-

328 2752 609 2816 goximam
664 2754 1006 2823 appulimUS,
1061 2772 1191 2806 cum
1251 2754 1524 2806 adversus
1570 2754 1689 2823 jam
1757 2761 1963 2808 ventus

329 2845 472 2891 esset
539 2840 865 2908 petentibus
929 2841 1212 2903 Meacum,
1269 2858 1395 2909 quae
1451 2841 1583 2893 urbs
1635 2841 1962 2912 totiusJa-

330 2924 511 2988 poniae
585 2928 833 2979 maxima
904 2936 1008 2990 est,
1089 2936 1144 2980 et
1224 2928 1372 2996 regis
1449 2946 1515 2980 ac
1591 2929 1965 2998 dynastarum

331 3008 628 3064 domiciliis
703 3014 1088 3066 celeberrima.
1171 3015 1306 3067 Post
1384 3015 1654 3083 quintum
1735 3015 1968 3070 demum

333 3110 583 3176 mensem
626 3100 833 3154 dicitur
876 3101 1081 3168 idonea
1122 3108 1438 3170 tempestas
1481 3101 1555 3154 ad
1603 3102 1969 3158 Meacensem
