2649 3754
610 373 714 425 194
990 372 1175 410 LIBER
1213 372 1341 411 vm.
1364 387 1435 394 —
1458 373 1752 412 EPISTOLA
1792 374 1856 411 11.

602 519 880 581 cognatos
940 512 1129 566 albam
1204 530 1430 567 crucem
1497 512 1554 566 in
1619 513 1849 567 familiae
1923 512 2239 584 insignibus

601 598 827 662 habere,
867 600 966 652 sed
1009 607 1204 652 tamen
1249 599 1463 653 Christi
1517 619 1728 653 nomen
1772 600 2028 654 funditus
2073 599 2229 669 igno-

608 705 751 738 rare.

675 774 1011 842 Amangucii
1056 792 1185 826 cum
1230 792 1414 826 essem
1458 773 1793 826 simulcum
1837 776 2051 827 Cosmo
2091 775 2232 827 Tur-

604 859 764 914 riano
811 867 866 914 et
911 862 1135 932 Joanne
1188 860 1573 925 Ferdinando,
1621 878 1716 914 rex
1765 861 2090 931 Bungensis
2135 880 2233 932 po-

601 955 728 1002 tens
771 947 1051 1016 imprimis
1096 966 1184 1001 me
1227 965 1327 1016 per
1368 948 1585 1002 litteras
1628 948 1847 1017 rogavit
1891 957 1951 1003 ut
1995 967 2055 1003 se
2097 951 2244 1005 con-‘

600 1034 879 1088 venirem:
955 1034 1294 1088 Lusitanam
1361 1053 1562 1088 navem
1629 1036 1701 1089 ad
1766 1054 1931 1089 suum
1997 1043 2225 1104 portum

601 1124 904 1192 appulisse,
947 1142 1152 1191 cupere
1193 1142 1252 1174 se
1281 1124 1449 1175 certis
1490 1125 1559 1175 de
1599 1125 1768 1176 rebus
1809 1143 2033 1176 mecum
2076 1143 2229 1177 com-

602 1211 911 1263 municare.
993 1212 1195 1278 Itaque
1269 1209 1591 1273 confestim,
1646 1210 1733 1263 vel
1784 1218 1855 1264 sut
1924 1211 2046 1278 ejus
2099 1228 2233 1279 erga

600 1297 815 1351 Christi
868 1296 1039 1349 fidem
1092 1296 1346 1348 animum
1401 1295 1770 1364 explorarem,
1804 1282 1906 1349 'vel
1952 1304 2012 1349 ut
2062 1296 2223 1350 Lusi-

600 1394 768 1440 tanos
811 1384 1132 1448 inviserem,
1181 1385 1446 1454 Bungum
1491 1383 1779 1453 profectus
1822 1402 1966 1448 sum,
2015 1385 2230 1438 Cosmo

602 1480 657 1527 et
708 1474 933 1543 Joanne
1001 1472 1151 1540 apud
1211 1471 1571 1525 Christianos
1638 1471 1867 1525 relictiS.
1968 1473 2090 1525 Rex
2147 1490 2236 1525 me

600 1559 906 1613 liberaliter
951 1558 1189 1627 accepit,
1238 1578 1342 1627 ego
1389 1577 1659 1628 magnam
1707 1578 1774 1612 ex
1822 1558 2230 1614 Lusitanorum

604 1667 909 1717 congressu
958 1647 1080 1715 cepi
1127 1646 1501 1715 voluptatem.

677 1737 829 1787 Dum
880 1735 1066 1802 Bungi
1113 1751 1516 1797 commorarer,
1567 1752 1839 1802 magnum
1895 1734 2235 1803 Amangucii

601 1821 810 1875 bellum
865 1820 1124 1874 diabolus
1177 1820 1462 1874 excitavit.
1545 1821 1806 1889 Dynasta
1857 1826 2064 1889 potens
2118 1820 2234 1889 opi-

602 1909 707 1962 bus
753 1926 943 1977 regem
997 1925 1161 1959 suum
1207 1906 1354 1959 bello
1401 1905 1556 1959 illato
1610 1907 1746 1959 urbe
1799 1906 1982 1976 exegit
2035 1924 2232 1976 regno-

602 2014 710 2064 que
754 1994 1035 2063 spoliavit.
1116 1993 1202 2045 Ibi
1246 2011 1342 2045 rex
1385 2011 1514 2045 cum
1559 1992 1705 2061 fugae
1752 1994 1966 2046 exitum
2015 1993 2234 2046 nullum

602 2081 889 2149 reperiret,
938 2098 1009 2132 ne
1056 2080 1214 2132 vivus
1262 2080 1318 2130 in
1366 2079 1718 2131 acerbissimi
1766 2078 1965 2142 hostiS,
2022 2079 2118 2148 qui
2172 2079 2234 2131 in

601 2187 702 2221 sua
770 2167 941 2219 modo
1000 2166 1216 2218 ditione
1268 2183 1334 2217 ac
1386 2173 1673 2234 potestate
1740 2164 1955 2228 fuisset,
2026 2182 2229 2218 manus

601 2255 940 2325 perveniret,
1012 2254 1259 2322 pugione
1322 2253 1378 2303 in
1440 2261 1699 2304 ventrem
1753 2254 1978 2315 adactO,
2034 2271 2233 2305 necem

601 2341 706 2395 sibi
760 2340 1036 2394 conscivit
1052 2357 1063 2401 ;
1132 2339 1298 2392 simul
1344 2339 1521 2391 filium
1576 2357 1744 2408 quem
1788 2339 1940 2407 apud
1970 2356 2029 2392 se
2058 2339 2227 2392 habe-

601 2429 698 2481 bat
782 2426 1041 2489 interfici,
1103 2434 1273 2494 atque
1334 2426 1628 2494 utriusque
1702 2443 1907 2494 corpus
1971 2425 2229 2478 comburi

596 2515 786 2585 jussit,
829 2533 898 2567 ne
939 2531 1110 2583 quam
1152 2513 1387 2565 omnino
1435 2513 1734 2566 materiam
1776 2512 1996 2581 injuriae
2037 2511 2233 2565 hostes

604 2602 942 2653 invenirent.
1039 2602 1218 2668 quue
1271 2600 1352 2652 uti
1407 2600 1783 2668 imperaverat
1853 2597 2068 2652 factum
2128 2607 2233 2651 est.

606 2691 898 2758 Quantum
945 2687 1037 2738 illo
1102 2687 1250 2738 bello
1298 2687 1478 2738 nostri
1533 2688 1627 2755 qui
1681 2695 1842 2738 erant
1896 2685 2235 2755 Amangucii

605 2775 809 2842 capitis
861 2773 1166 2826 discrimen
1235 2773 1527 2836 subierint,
1583 2791 1650 2825 ex
1702 2773 1769 2824 iis
1831 2772 2051 2836 litteris,
2097 2788 2238 2841 quas

604 2860 676 2914 ad
732 2879 820 2914 me
874 2860 945 2913 ab
1007 2858 1115 2913 illis
1168 2858 1409 2927 scriptas
1472 2859 1632 2912 vobis
1687 2858 1871 2922 mitto,
1935 2857 2098 2912 facile
2152 2857 2233 2912 in-

607 2946 890 3015 telligetis.

684 3036 819 3085 Post
874 3032 1287 3101 Amanguciani
1341 3032 1487 3099 regis
1540 3031 1850 3093 interitum,
1906 3030 2064 3099 regni
2109 3048 2235 3098 pro-

609 3140 765 3176 ceres
830 3140 895 3174 ac
970 3122 1226 3190 dynastae
1300 3119 1455 3188 gravi
1522 3118 1802 3187 perfuncti
1876 3118 2040 3181 bello,
2107 3136 2237 3170 cum
