2649 3754
435 338 536 388 232
787 337 971 373 LIBER
1008 337 1135 373 VIII.
1160 353 1232 358 --
1253 336 1546 373 EPISTOLA
1583 336 1709 370 VIII.

433 471 768 540 quotidiano
836 489 965 523 cum
1024 470 1367 534 hominibUS,
1436 478 1697 522 accurate
1750 470 2056 521 observans

433 577 558 625 quae
599 557 656 608 in
697 557 785 608 his
825 567 921 608 aut
963 559 1314 625 negligenter
1360 558 1595 619 omittis,
1638 564 1734 608 aut
1775 557 1895 625 agis
1935 570 2056 624 per—

432 662 645 711 peram,
694 644 952 710 serioque
1002 646 1314 695 decernens
1360 661 1426 695 ac
1473 661 1604 695 mox
1650 641 1890 695 fideliter
1935 656 2056 694 exe-

427 747 610 798 quens
675 729 1054 781 necessariam
1117 730 1598 782 emendationem.
1679 730 1848 780 Hanc
1907 726 2056 780 enim

435 816 480 868 si
527 815 721 868 statim
768 832 801 867 a
847 814 1025 883 culpae
1079 815 1282 869 notitia
1335 814 1624 872 adhibeas,
1670 833 1783 866 non
1829 821 2058 865 cuncta-

432 901 585 954 bitur
655 900 1098 967 benignissimus
1181 900 1463 953 Dominus
1538 919 1667 952 cum
1732 899 1848 951 suis
1912 898 2059 950 ultro

434 987 599 1039 donis
651 994 764 1039 tuae
827 987 1179 1054 poenitentiae
1244 1005 1553 1051 occurrere,
1608 1005 1673 1039 ac
1727 987 1841 1039 suis
1893 986 1950 1037 in
2002 993 2059 1038 te

436 1074 794 1125 cumulandis
845 1074 1040 1141 gratiis
1106 1075 1448 1126 detrimenta
1501 1073 1787 1142 praeterita
1833 1073 1889 1125 in
1932 1088 2057 1140 pro-

434 1161 615 1213 fectus
658 1161 971 1212 uberrimos
1013 1168 1250 1213 vertere.

505 1247 696 1299 Nolim
759 1254 950 1298 autem
1009 1246 1191 1314 (quod
1256 1247 1415 1299 multi
1478 1246 1723 1308 faciunt)
1789 1255 1846 1298 te
1899 1262 2058 1313 spem

429 1331 769 1385 conciliandi
816 1331 917 1383 tibi
966 1332 1156 1399 populi
1204 1332 1260 1383 in
1308 1331 1575 1383 humanis
1626 1332 1881 1383 artificiis
1929 1348 2059 1383 con-

428 1418 680 1481 stituere,
725 1417 1037 1487 callideque
1079 1418 1321 1487 grassari
1364 1420 1436 1472 ad
1479 1418 1720 1487 gratiam
1764 1417 2059 1471 celebrita-

429 1514 659 1574 temque
697 1505 846 1572 vulgi
893 1505 1350 1568 eblandiendam,
1393 1505 1460 1557 iis
1500 1504 1741 1557 obnoxie
1782 1503 2058 1557 faciendis

427 1599 525 1644 aut
583 1591 837 1643 dicendis
893 1608 1018 1659 quae
1064 1598 1224 1659 grata
1285 1591 1650 1661 jucundaque
1705 1589 2056 1645 multitudini

427 1698 550 1730 esse
629 1679 1003 1747 perspexeris
1101 1673 1344 1748 Indigna
1431 1678 1725 1747 Evangelii
1797 1695 2061 1747 praecone

431 1767 541 1818 ista
579 1766 849 1818 sedulitas
890 1773 1001 1826 est;
1047 1766 1254 1833 quippe
1312 1785 1455 1833 quae,
1513 1774 1890 1833 praeterquam
1920 1765 2059 1816 indi-

430 1852 660 1905 viduam
702 1851 876 1905 trahit
918 1852 1186 1905 comitem
1243 1854 1588 1921 pruriginem
1645 1871 1805 1904 vanae
1860 1852 2059 1920 glorio-

430 1939 497 1991 lae
559 1957 592 1989 a
643 1938 853 2006 populo
930 1941 1227 2006 captandae
1304 1957 1405 2008 per
1466 1957 1602 1991 sane
1664 1938 2058 2007 periculosam,

430 2026 603 2076 etiam
669 2034 753 2075 est
836 2026 1109 2092 injuriosa
1190 2026 1421 2077 Christo
1505 2025 1755 2077 Domino
1835 2031 2058 2076 nostro:

431 2112 639 2179 quippe
700 2113 860 2179 cujus
922 2113 1198 2164 honorem
1253 2113 1573 2165 istiusmodi
1639 2111 2060 2180 praedicatores,

431 2216 600 2267 quem
643 2207 898 2267 spectare
927 2207 1058 2252 ante
1099 2200 1294 2252 omnia
1336 2200 1626 2261 deberent,
1658 2217 1774 2251 suae
1807 2198 2060 2265 ipsorum

430 2284 596 2337 famae
654 2284 1021 2353 posthabent,
1078 2286 1135 2337 in
1188 2285 1387 2353 primis
1451 2291 1770 2352 quaerentes
1835 2284 2060 2336 laudem

431 2370 738 2439 propriam,
781 2388 959 2438 eaque
1000 2371 1224 2438 adepta,
1263 2379 1323 2424 ut
1360 2371 1478 2439 jam
1521 2371 1702 2439 optati
1743 2379 2059 2440 compotes,

430 2455 593 2510 facile
647 2457 1004 2510 remittentes
1057 2461 1261 2510 ardens
1315 2462 1562 2511 studium
1619 2462 1823 2512 divinae
1869 2461 2060 2529 gloriae

431 2564 531 2611 per
596 2564 785 2596 veram
851 2547 923 2595 ad
991 2548 1184 2595 Deum‘
1245 2548 1674 2599 conversionem
1741 2547 2058 2599 animarum

431 2650 657 2683 summo
699 2640 908 2684 conatu
952 2634 1345 2700 procurandae.

508 2719 652 2770 Haec
689 2734 814 2786 quae
853 2718 965 2770 dixi
1011 2717 1306 2781 hactenuS,
1349 2718 1463 2772 acri
1499 2718 1706 2772 mentis
1744 2718 2062 2771 attentione

429 2804 748 2872 perpendas
801 2823 1029 2868 censeO,
1087 2806 1298 2874 desque
1353 2826 1584 2876 operam
1632 2815 1693 2859 ut
1740 2805 2061 2859 istiusmodi

426 2891 686 2943 sensibus
726 2892 960 2945 intimos
1000 2893 1081 2945 tui
1122 2894 1299 2945 animi
1344 2895 1502 2946 sinus
1542 2895 1765 2947 imbuas
1805 2893 2060 2963 penitus-

425 2997 535 3047 que
607 2979 932 3048 perfundaS,
1018 2980 1167 3033 haud
1237 2982 1431 3034 sinens
1501 2982 1723 3035 evolare
1789 2981 1835 3034 si
1900 2980 2054 3050 quid,

425 3074 592 3135 prout
646 3066 806 3131 solet,
866 3068 1308 3136 benignissimus
1375 3068 1656 3123 Dominus
1710 3068 1816 3121 tibi
1868 3067 2059 3123 divina
