2639 3798
627 368 809 407 LIBER
848 368 1329 407 VL-EPISTOLA
1367 370 1445 406 VI.
1777 371 1843 424 55

228 511 329 564 des
388 518 687 580 gratesque
738 510 1055 562 reddendas
1100 516 1388 577 provocet,
1452 527 1585 564 nam
1644 511 1844 565 nihilo-

230 596 416 650 minus
457 598 614 650 vultu
654 598 963 666 habituque
1003 599 1304 666 compositi
1344 598 1632 661 incedunt,
1673 594 1846 667 vquarn

229 682 356 737 istic
422 684 619 738 novitii
689 684 1102 753 Religiosorum
1172 684 1473 738 Ordinum.
1550 686 1849 755 Juramen-

229 776 352 822 tum
428 780 523 823 aut
598 771 831 824 verbum
908 771 1282 835 inconditum,
1362 788 1433 825 ne
1501 771 1848 826 levissimum

230 856 459 925 quidem
522 866 577 911 et
640 877 705 911 ex
758 858 825 911 iis
878 858 1080 928 quibus
1131 857 1349 912 facilius
1402 858 1729 928 ignoscitur,
1784 877 1850 912 ex

231 962 327 997 ore
378 944 628 1013 ipsorum
682 945 980 1014 quisquam
1034 945 1291 1000 audierit.

305 1034 462 1085 Inter
513 1033 621 1085 alia
673 1034 850 1086 multa
902 1052 1027 1101 quae
1081 1033 1136 1084 in
1189 1032 1296 1086 hoc
1348 1051 1551 1101 genere
1597 1033 1848 1087 laudabi-

228 1119 356 1174 liter
422 1119 685 1174 Rocchus
751 1128 944 1174 noster
1006 1109 1270 1184 instituit,
1336 1120 1444 1174 hoc
1504 1119 1666 1173 valde
1722 1138 1849 1190 pro-

230 1208 425 1262 batum
496 1216 599 1272 est,
671 1208 823 1278 quod
894 1225 1044 1277 saepe
1113 1208 1373 1277 producit
1444 1207 1501 1260 in
1579 1224 1849 1277 pompam

231 1293 397 1363 longa
453 1294 594 1348 serie
651 1294 958 1363 dispositos
1014 1312 1114 1363 per
1167 1295 1385 1348 binaria
1437 1295 1543 1348 sibi
1595 1295 1853 1349 altrinse-

231 1396 329 1434 cus
387 1381 790 1451 respondentia
841 1380 1146 1450 discipulos
1198 1399 1349 1443 suos„
1403 1380 1666 1433 demissis
1718 1397 1852 1433 ocu-

231 1464 316 1529 lis,
378 1484 547 1534 passu
607 1467 762 1534 gravi
819 1474 874 1520 et
925 1467 1098 1530 lento,
1152 1468 1384 1520 alternis
1436 1476 1735 1521 cantantes
1785 1467 1847 1519 li-

232 1553 436 1617 taniaS,
491 1561 587 1606 aut
643 1552 924 1623 ejusmodi
985 1571 1144 1606 sacra
1205 1552 1476 1607 carmina.
1557 1554 1848 1622 Expetun·
2475 1573 2518 1632 ἒ·

232 1649 324 1695 tur
390 1642 558 1710 vulgo
628 1641 716 1694 hae
785 1640 906 1693 visu
977 1640 1314 1716 gratissimae
1391 1639 1852 1710 supplicationeS,
2478 1634 2500 1717 {3³3

234 1728 674 1782 cohonestandis
731 1727 1045 1798 praesertim
1105 1727 1412 1793 funeribuS‚
1474 1729 1697 1799 quoties
1760 1729 1852 1782 hic

235 1816 376 1869 mori
453 1815 823 1869 christianum
902 1815 1126 1869 accidit.
1215 1817 1512 1869 Feretrum
1602 1815 1854 1870 defuncti

233 1904 539 1959 adultiores
598 1905 848 1974 ipsorum
912 1904 1160 1956 humeris
1222 1904 1482 1967 subeunt,
1552 1912 1607 1957 et
1675 1922 1853 1974 usque

233 1992 303 2045 ad
369 1992 670 2060 sepulturae
732 1992 919 2045 locum
984 1999 1232 2061 portant.
1312 1992 1513 2045 Nullus
1580 2010 1694 2046 non
1762 2009 1853 2045 eo-

234 2097 356 2132 rum
419 2080 753 2133 Orationem
818 2079 1200 2141 Dominicam,
1265 2078 1680 2133 Salutationem
1739 2081 1851 2132 An-

233 2166 487 2235 gelicam,
557 2166 888 2236 Symbolum
956 2166 1364 2235 Apostolicum,
1434 2166 1574 2218 alias
1639 2166 1853 2236 aliquot

234 2251 668 2305 christianarum
722 2270 953 2320 precum
1006 2252 1274 2319 formulas
1325 2254 1397 2306 ad
1443 2270 1689 2321 unguem
1742 2253 1852 2305 cal-

233 2338 326 2403 let,
405 2357 471 2392 ac
548 2358 576 2392 e
654 2339 929 2391 memoria
1010 2338 1206 2408 quavis
1288 2338 1588 2391 occasione
1669 2339 1853 2392 reddit

235 2425 531 2488 inoffense3
586 2427 771 2478 nullus
823 2444 936 2478 non
986 2426 1174 2478 Missae
1222 2425 1497 2478 sacrificio
1553 2425 1673 2489 (cui
1718 2443 1853 2493 quo-

235 2512 372 2565 tidie
439 2531 662 2565 summa
729 2512 1041 2566 reverentia
1108 2530 1305 2565 omnes
1374 2512 1686 2575 intersunt)
1760 2511 1852 2563 de-

237 2617 364 2654 core
418 2600 737 2654 ministrare
790 2600 962 2653 novit.

309 2689 499 2741 Primo
576 2707 742 2741 mane
818 2690 890 2741 ad
967 2688 1219 2742 scholam
1297 2688 1668 2748 conveniunt;
1748 2686 1852 2738 sub

238 2775 547 2838 meridiem,
612 2782 741 2843 post
805 2774 1056 2826 auditam
1124 2774 1180 2824 in
1240 2773 1472 2841 tempIO,
1527 2790 1697 2841 quam
1754 2773 1852 2824 Pe-

238 2860 415 2912 rezius
491 2868 629 2928 quot
711 2860 908 2912 diebus
985 2860 1176 2922 iterat,
1248 2860 1680 2927 explicationem
1758 2859 1855 2910 do·

239 2946 433 2998 ctrinae
510 2945 875 3008 christianae,
954 2945 1086 2998 ludo
1157 2945 1360 2997 iterum
1439 2963 1498 2997 se
1568 2945 1854 3005 reddunt,

241 3029 480 3083 Oliverae
534 3031 805 3099 magistro
867 3031 1051 3083 daturi
1106 3048 1356 3098 operam.
1424 3030 1632 3082 Audita
1679 3030 1858 3082 reddi-

240 3123 408 3185 taque
464 3117 722 3178 lectione,
782 3116 1114 3184 caeterisque
1176 3116 1454 3187 perfuncti
1508 3115 1861 3171 scholasticis
