<?xml version="1.0" encoding="UTF-8"?>
<!DOCTYPE html PUBLIC "-//W3C//DTD XHTML 1.0 Transitional//EN"
    "http://www.w3.org/TR/xhtml1/DTD/xhtml1-transitional.dtd">
<html xmlns="http://www.w3.org/1999/xhtml" xml:lang="en" lang="en">
 <head>
  <title>
</title>
<meta http-equiv="Content-Type" content="text/html;charset=utf-8" />
  <meta name='ocr-system' content='tesseract 3.04.00' />
  <meta name='ocr-capabilities' content='ocr_page ocr_carea ocr_par ocr_line ocrx_word'/>
</head>
<body>
  <div class='ocr_page' id='page_1' title='image "./pts_epistolae_3720-0638_v2/pts_epistolae_3720-0638_v2_0105.png"; bbox 0 0 2712 3754; ppageno 0'>
   <div class='ocr_carea' id='block_1_1' title="bbox 0 0 179 2964">
    <p class='ocr_par' dir='ltr' id='par_1_1' title="bbox 0 0 179 2964">
     <span class='ocr_line' id='line_1_1' title="bbox 0 0 179 2964; baseline 0 0"><span class='ocrx_word' id='word_1_1' title='bbox 0 0 179 2964; x_wconf 95' lang='lat' dir='ltr'> </span> 
     </span>
    </p>
   </div>
   <div class='ocr_carea' id='block_1_2' title="bbox 814 352 2042 420">
    <p class='ocr_par' dir='ltr' id='par_1_2' title="bbox 814 352 2042 420">
     <span class='ocr_line' id='line_1_2' title="bbox 814 352 2042 420; baseline -0.003 -16"><span class='ocrx_word' id='word_1_2' title='bbox 814 352 884 420; x_wconf 83' lang='lat'>96</span> <span class='ocrx_word' id='word_1_3' title='bbox 1228 365 1413 402; x_wconf 82' lang='lat' dir='ltr'>LIBER</span> <span class='ocrx_word' id='word_1_4' title='bbox 1452 362 1964 402; x_wconf 79' lang='lat' dir='ltr'>v11.—-E1&gt;1sToLA</span> <span class='ocrx_word' id='word_1_5' title='bbox 2006 361 2042 400; x_wconf 90' lang='lat'>1.</span> 
     </span>
    </p>
   </div>
   <div class='ocr_carea' id='block_1_3' title="bbox 813 490 2455 1003">
    <p class='ocr_par' dir='ltr' id='par_1_3' title="bbox 813 490 2455 1003">
     <span class='ocr_line' id='line_1_3' title="bbox 813 490 2449 569; baseline -0.001 -17"><span class='ocrx_word' id='word_1_6' title='bbox 813 498 1019 552; x_wconf 88' lang='lat' dir='ltr'>viderit</span> <span class='ocrx_word' id='word_1_7' title='bbox 1084 518 1226 569; x_wconf 90' lang='lat' dir='ltr'>quas</span> <span class='ocrx_word' id='word_1_8' title='bbox 1291 490 1686 569; x_wconf 81' lang='lat' dir='ltr'>indigenarum</span> <span class='ocrx_word' id='word_1_9' title='bbox 1741 517 1910 551; x_wconf 91' lang='lat' dir='ltr'>nemo</span> <span class='ocrx_word' id='word_1_10' title='bbox 1974 507 2181 568; x_wconf 86' lang='lat' dir='ltr'>praeter</span> <span class='ocrx_word' id='word_1_11' title='bbox 2244 499 2449 569; x_wconf 89' lang='lat' dir='ltr'>ipsum.</span> 
     </span>
     <span class='ocr_line' id='line_1_4' title="bbox 815 585 2450 655; baseline -0.001 -15"><span class='ocrx_word' id='word_1_12' title='bbox 815 586 1027 641; x_wconf 84' lang='lat' dir='ltr'><strong>Aberat</strong></span> <span class='ocrx_word' id='word_1_13' title='bbox 1065 585 1291 655; x_wconf 87' lang='lat' dir='ltr'>regulus</span> <span class='ocrx_word' id='word_1_14' title='bbox 1329 585 1520 640; x_wconf 90' lang='lat' dir='ltr'>leucas</span> <span class='ocrx_word' id='word_1_15' title='bbox 1557 603 1589 638; x_wconf 91' lang='lat' dir='ltr'>a</span> <span class='ocrx_word' id='word_1_16' title='bbox 1633 585 1990 655; x_wconf 85' lang='lat' dir='ltr'>Cangoxima</span> <span class='ocrx_word' id='word_1_17' title='bbox 2031 602 2153 640; x_wconf 84' lang='lat' dir='ltr'>sex:</span> <span class='ocrx_word' id='word_1_18' title='bbox 2212 585 2277 649; x_wconf 86' lang='lat' dir='ltr'>is,</span> <span class='ocrx_word' id='word_1_19' title='bbox 2321 601 2450 640; x_wconf 91' lang='lat' dir='ltr'>cum</span> 
     </span>
     <span class='ocr_line' id='line_1_5' title="bbox 817 673 2455 743; baseline 0 -17"><span class='ocrx_word' id='word_1_20' title='bbox 817 674 889 726; x_wconf 91' lang='lat' dir='ltr'>ad</span> <span class='ocrx_word' id='word_1_21' title='bbox 952 693 1083 726; x_wconf 87' lang='lat' dir='ltr'>eum</span> <span class='ocrx_word' id='word_1_22' title='bbox 1148 673 1357 726; x_wconf 90' lang='lat' dir='ltr'>Paulus</span> <span class='ocrx_word' id='word_1_23' title='bbox 1421 673 1671 726; x_wconf 89' lang='lat' dir='ltr'>venisset</span> <span class='ocrx_word' id='word_1_24' title='bbox 1725 673 2053 736; x_wconf 90' lang='lat' dir='ltr'>salutatum,</span> <span class='ocrx_word' id='word_1_25' title='bbox 2110 691 2455 743; x_wconf 84' lang='lat' dir='ltr'><strong>magnopere</strong></span> 
     </span>
     <span class='ocr_line' id='line_1_6' title="bbox 816 761 2454 830; baseline -0.001 -15"><span class='ocrx_word' id='word_1_26' title='bbox 816 764 885 815; x_wconf 89' lang='lat' dir='ltr'>de</span> <span class='ocrx_word' id='word_1_27' title='bbox 956 761 1210 815; x_wconf 92' lang='lat' dir='ltr'>hominis</span> <span class='ocrx_word' id='word_1_28' title='bbox 1296 761 1480 814; x_wconf 80' lang='lat' dir='ltr'>reditu</span> <span class='ocrx_word' id='word_1_29' title='bbox 1569 770 1653 813; x_wconf 91' lang='lat' dir='ltr'>est</span> <span class='ocrx_word' id='word_1_30' title='bbox 1740 761 1984 824; x_wconf 80' lang='lat' dir='ltr'>laetatu5‚</span> <span class='ocrx_word' id='word_1_31' title='bbox 2069 777 2454 830; x_wconf 87' lang='lat' dir='ltr'>magnumque</span> 
     </span>
     <span class='ocr_line' id='line_1_7' title="bbox 816 846 2453 910; baseline 0 -10"><span class='ocrx_word' id='word_1_32' title='bbox 816 847 891 901; x_wconf 94' lang='lat' dir='ltr'>illi</span> <span class='ocrx_word' id='word_1_33' title='bbox 944 847 1219 901; x_wconf 90' lang='lat' dir='ltr'>honorem</span> <span class='ocrx_word' id='word_1_34' title='bbox 1284 846 1509 908; x_wconf 81' lang='lat' dir='ltr'>habuit3</span> <span class='ocrx_word' id='word_1_35' title='bbox 1579 847 1759 900; x_wconf 88' lang='lat' dir='ltr'>multa</span> <span class='ocrx_word' id='word_1_36' title='bbox 1822 847 1995 901; x_wconf 90' lang='lat' dir='ltr'>etiam</span> <span class='ocrx_word' id='word_1_37' title='bbox 2050 847 2120 900; x_wconf 91' lang='lat' dir='ltr'>de</span> <span class='ocrx_word' id='word_1_38' title='bbox 2180 846 2453 910; x_wconf 81' lang='lat' dir='ltr'>moribuS,</span> 
     </span>
     <span class='ocr_line' id='line_1_8' title="bbox 814 935 2453 1003; baseline -0.002 -14"><span class='ocrx_word' id='word_1_39' title='bbox 814 937 884 989; x_wconf 90' lang='lat' dir='ltr'>de</span> <span class='ocrx_word' id='word_1_40' title='bbox 948 936 1174 998; x_wconf 91' lang='lat' dir='ltr'>virtute,</span> <span class='ocrx_word' id='word_1_41' title='bbox 1229 937 1300 988; x_wconf 90' lang='lat' dir='ltr'>de</span> <span class='ocrx_word' id='word_1_42' title='bbox 1359 935 1562 1003; x_wconf 91' lang='lat' dir='ltr'>opibus</span> <span class='ocrx_word' id='word_1_43' title='bbox 1632 936 2040 989; x_wconf 82' lang='lat' dir='ltr'>Lusitanorum</span> <span class='ocrx_word' id='word_1_44' title='bbox 2108 935 2453 989; x_wconf 82' lang='lat' dir='ltr'>sciscitatus,</span> 
     </span>
    </p>
   </div>
   <div class='ocr_carea' id='block_1_4' title="bbox 816 1019 2455 1173">
    <p class='ocr_par' dir='ltr' id='par_1_4' title="bbox 816 1019 2455 1173">
     <span class='ocr_line' id='line_1_9' title="bbox 817 1019 2455 1089; baseline -0.001 -14"><span class='ocrx_word' id='word_1_45' title='bbox 817 1020 924 1075; x_wconf 90' lang='lat' dir='ltr'>Cui</span> <span class='ocrx_word' id='word_1_46' title='bbox 971 1038 1101 1074; x_wconf 90' lang='lat' dir='ltr'>cum</span> <span class='ocrx_word' id='word_1_47' title='bbox 1152 1020 1358 1074; x_wconf 91' lang='lat' dir='ltr'>Paulus</span> <span class='ocrx_word' id='word_1_48' title='bbox 1405 1020 1597 1073; x_wconf 90' lang='lat' dir='ltr'>omnia</span> <span class='ocrx_word' id='word_1_49' title='bbox 1644 1020 2016 1089; x_wconf 83' lang='lat' dir='ltr'>exposuisset,</span> <span class='ocrx_word' id='word_1_50' title='bbox 2069 1019 2455 1089; x_wconf 84' lang='lat' dir='ltr'>maximopere</span> 
     </span>
     <span class='ocr_line' id='line_1_10' title="bbox 816 1106 2001 1173; baseline 0 -14"><span class='ocrx_word' id='word_1_51' title='bbox 816 1106 969 1159; x_wconf 92' lang='lat' dir='ltr'>visus</span> <span class='ocrx_word' id='word_1_52' title='bbox 997 1114 1083 1159; x_wconf 91' lang='lat' dir='ltr'>est</span> <span class='ocrx_word' id='word_1_53' title='bbox 1113 1106 1394 1173; x_wconf 90' lang='lat' dir='ltr'>ejusmodi</span> <span class='ocrx_word' id='word_1_54' title='bbox 1424 1124 1685 1159; x_wconf 84' lang='lat' dir='ltr'>sermone</span> <span class='ocrx_word' id='word_1_55' title='bbox 1714 1106 2001 1159; x_wconf 90' lang='lat' dir='ltr'>delectari.</span> 
     </span>
    </p>
   </div>
   <div class='ocr_carea' id='block_1_5' title="bbox 815 1194 2472 3177">
    <p class='ocr_par' dir='ltr' id='par_1_5' title="bbox 815 1194 2469 2916">
     <span class='ocr_line' id='line_1_11' title="bbox 888 1194 2451 1263; baseline 0 -15"><span class='ocrx_word' id='word_1_56' title='bbox 888 1194 1174 1248; x_wconf 84' lang='lat' dir='ltr'>Attulerat</span> <span class='ocrx_word' id='word_1_57' title='bbox 1226 1212 1420 1247; x_wconf 92' lang='lat' dir='ltr'>secum</span> <span class='ocrx_word' id='word_1_58' title='bbox 1476 1194 1683 1247; x_wconf 90' lang='lat' dir='ltr'>Paulus</span> <span class='ocrx_word' id='word_1_59' title='bbox 1737 1194 1957 1262; x_wconf 83' lang='lat' dir='ltr'>egregie</span> <span class='ocrx_word' id='word_1_60' title='bbox 2004 1195 2216 1263; x_wconf 86' lang='lat' dir='ltr'>pictam</span> <span class='ocrx_word' id='word_1_61' title='bbox 2263 1195 2322 1248; x_wconf 90' lang='lat' dir='ltr'>in</span> <span class='ocrx_word' id='word_1_62' title='bbox 2368 1203 2451 1249; x_wconf 90' lang='lat' dir='ltr'>ta-</span> 
     </span>
     <span class='ocr_line' id='line_1_12' title="bbox 815 1279 2452 1350; baseline 0 -17"><span class='ocrx_word' id='word_1_63' title='bbox 815 1280 947 1333; x_wconf 89' lang='lat' dir='ltr'>bula</span> <span class='ocrx_word' id='word_1_64' title='bbox 1002 1281 1068 1332; x_wconf 83' lang='lat' dir='ltr'>B.</span> <span class='ocrx_word' id='word_1_65' title='bbox 1127 1279 1323 1332; x_wconf 83' lang='lat' dir='ltr'>Mariae</span> <span class='ocrx_word' id='word_1_66' title='bbox 1371 1287 1426 1333; x_wconf 92' lang='lat' dir='ltr'>et</span> <span class='ocrx_word' id='word_1_67' title='bbox 1474 1280 1629 1348; x_wconf 90' lang='lat' dir='ltr'>pueri</span> <span class='ocrx_word' id='word_1_68' title='bbox 1682 1282 1818 1350; x_wconf 91' lang='lat' dir='ltr'>Jesu</span> <span class='ocrx_word' id='word_1_69' title='bbox 1865 1279 1923 1332; x_wconf 89' lang='lat' dir='ltr'>in</span> <span class='ocrx_word' id='word_1_70' title='bbox 1981 1281 2184 1333; x_wconf 89' lang='lat' dir='ltr'>Matris</span> <span class='ocrx_word' id='word_1_71' title='bbox 2215 1341 2218 1343; x_wconf 14' lang='grc' dir='ltr'><strong>Α</strong></span> <span class='ocrx_word' id='word_1_72' title='bbox 2235 1281 2452 1350; x_wconf 88' lang='lat' dir='ltr'>gremio</span> 
     </span>
     <span class='ocr_line' id='line_1_13' title="bbox 818 1368 2455 1436; baseline 0.001 -14"><span class='ocrx_word' id='word_1_73' title='bbox 818 1369 1069 1422; x_wconf 86' lang='lat' dir='ltr'>sedentis</span> <span class='ocrx_word' id='word_1_74' title='bbox 1113 1368 1441 1436; x_wconf 86' lang='lat' dir='ltr'>imaginem,</span> <span class='ocrx_word' id='word_1_75' title='bbox 1487 1385 1658 1435; x_wconf 91' lang='lat' dir='ltr'>quam</span> <span class='ocrx_word' id='word_1_76' title='bbox 1703 1385 1770 1421; x_wconf 86' lang='lat' dir='ltr'>ex</span> <span class='ocrx_word' id='word_1_77' title='bbox 1817 1368 1983 1421; x_wconf 92' lang='lat' dir='ltr'>India</span> <span class='ocrx_word' id='word_1_78' title='bbox 2025 1370 2455 1423; x_wconf 87' lang='lat' dir='ltr'>advexeramus.</span> 
     </span>
     <span class='ocr_line' id='line_1_14' title="bbox 823 1452 2457 1522; baseline 0.001 -17"><span class='ocrx_word' id='word_1_79' title='bbox 823 1454 992 1505; x_wconf 87' lang='lat' dir='ltr'>Hanc</span> <span class='ocrx_word' id='word_1_80' title='bbox 1035 1452 1205 1520; x_wconf 89' lang='lat' dir='ltr'>igitur</span> <span class='ocrx_word' id='word_1_81' title='bbox 1261 1470 1391 1505; x_wconf 91' lang='lat' dir='ltr'>cum</span> <span class='ocrx_word' id='word_1_82' title='bbox 1435 1452 1659 1519; x_wconf 89' lang='lat' dir='ltr'>regulus</span> <span class='ocrx_word' id='word_1_83' title='bbox 1703 1453 1774 1505; x_wconf 90' lang='lat' dir='ltr'>ab</span> <span class='ocrx_word' id='word_1_84' title='bbox 1817 1452 1912 1505; x_wconf 91' lang='lat' dir='ltr'>illo</span> <span class='ocrx_word' id='word_1_85' title='bbox 1967 1453 2250 1521; x_wconf 88' lang='lat' dir='ltr'>prolatam</span> <span class='ocrx_word' id='word_1_86' title='bbox 2298 1473 2457 1522; x_wconf 89' lang='lat' dir='ltr'>aspe-</span> 
     </span>
     <span class='ocr_line' id='line_1_15' title="bbox 821 1540 2459 1612; baseline 0.001 -19"><span class='ocrx_word' id='word_1_87' title='bbox 821 1541 1014 1604; x_wconf 88' lang='lat' dir='ltr'>xisset,</span> <span class='ocrx_word' id='word_1_88' title='bbox 1082 1540 1376 1609; x_wconf 89' lang='lat' dir='ltr'>obstupuit</span> <span class='ocrx_word' id='word_1_89' title='bbox 1442 1540 1675 1604; x_wconf 88' lang='lat' dir='ltr'>scilicet,</span> <span class='ocrx_word' id='word_1_90' title='bbox 1759 1540 2176 1611; x_wconf 86' lang='lat' dir='ltr'>confestimque</span> <span class='ocrx_word' id='word_1_91' title='bbox 2228 1550 2285 1594; x_wconf 85' lang='lat' dir='ltr'>et</span> <span class='ocrx_word' id='word_1_92' title='bbox 2338 1542 2459 1612; x_wconf 88' lang='lat' dir='ltr'>ipse</span> 
     </span>
     <span class='ocr_line' id='line_1_16' title="bbox 821 1626 2459 1696; baseline 0 -14"><span class='ocrx_word' id='word_1_93' title='bbox 821 1628 1022 1696; x_wconf 89' lang='lat' dir='ltr'>positis</span> <span class='ocrx_word' id='word_1_94' title='bbox 1074 1627 1313 1694; x_wconf 85' lang='lat' dir='ltr'>genibus</span> <span class='ocrx_word' id='word_1_95' title='bbox 1366 1626 1456 1695; x_wconf 93' lang='lat' dir='ltr'>pie</span> <span class='ocrx_word' id='word_1_96' title='bbox 1509 1628 1820 1681; x_wconf 90' lang='lat' dir='ltr'>admodum</span> <span class='ocrx_word' id='word_1_97' title='bbox 1884 1635 2189 1682; x_wconf 86' lang='lat' dir='ltr'>veneratus</span> <span class='ocrx_word' id='word_1_98' title='bbox 2241 1635 2347 1691; x_wconf 91' lang='lat' dir='ltr'>est,</span> <span class='ocrx_word' id='word_1_99' title='bbox 2402 1635 2459 1682; x_wconf 91' lang='lat' dir='ltr'>et</span> 
     </span>
     <span class='ocr_line' id='line_1_17' title="bbox 821 1713 2457 1783; baseline -0.001 -17"><span class='ocrx_word' id='word_1_100' title='bbox 821 1714 1088 1767; x_wconf 89' lang='lat' dir='ltr'>omnibus</span> <span class='ocrx_word' id='word_1_101' title='bbox 1159 1713 1255 1783; x_wconf 91' lang='lat' dir='ltr'>qui</span> <span class='ocrx_word' id='word_1_102' title='bbox 1326 1714 1582 1775; x_wconf 88' lang='lat' dir='ltr'>aderant,</span> <span class='ocrx_word' id='word_1_103' title='bbox 1650 1713 1803 1765; x_wconf 89' lang='lat' dir='ltr'>idern</span> <span class='ocrx_word' id='word_1_104' title='bbox 1857 1722 1919 1766; x_wconf 92' lang='lat' dir='ltr'>ut</span> <span class='ocrx_word' id='word_1_105' title='bbox 1976 1713 2229 1767; x_wconf 84' lang='lat' dir='ltr'>facerent</span> <span class='ocrx_word' id='word_1_106' title='bbox 2282 1714 2457 1783; x_wconf 89' lang='lat' dir='ltr'>impe-</span> 
     </span>
     <span class='ocr_line' id='line_1_18' title="bbox 822 1800 2461 1870; baseline -0.001 -16"><span class='ocrx_word' id='word_1_107' title='bbox 822 1802 984 1854; x_wconf 90' lang='lat' dir='ltr'>ravit.</span> <span class='ocrx_word' id='word_1_108' title='bbox 1086 1801 1369 1852; x_wconf 86' lang='lat' dir='ltr'>Eamdem</span> <span class='ocrx_word' id='word_1_109' title='bbox 1440 1800 1694 1853; x_wconf 89' lang='lat' dir='ltr'>tabulam</span> <span class='ocrx_word' id='word_1_110' title='bbox 1763 1800 1971 1853; x_wconf 89' lang='lat' dir='ltr'>deinde</span> <span class='ocrx_word' id='word_1_111' title='bbox 2035 1800 2212 1870; x_wconf 89' lang='lat' dir='ltr'>reguli</span> <span class='ocrx_word' id='word_1_112' title='bbox 2279 1808 2461 1854; x_wconf 89' lang='lat' dir='ltr'>mater</span> 
     </span>
     <span class='ocr_line' id='line_1_19' title="bbox 822 1880 2459 1956; baseline 0 -15"><span class='ocrx_word' id='word_1_113' title='bbox 822 1887 1232 1956; x_wconf 90' lang='lat' dir='ltr'>contemplata,</span> <span class='ocrx_word' id='word_1_114' title='bbox 1277 1886 1575 1940; x_wconf 87' lang='lat' dir='ltr'>mirificam</span> <span class='ocrx_word' id='word_1_115' title='bbox 1617 1887 1768 1956; x_wconf 89' lang='lat' dir='ltr'>cepit</span> <span class='ocrx_word' id='word_1_116' title='bbox 1810 1880 2191 1942; x_wconf 87' lang='lat' dir='ltr'>admiratione</span> <span class='ocrx_word' id='word_1_117' title='bbox 2228 1886 2459 1942; x_wconf 90' lang='lat' dir='ltr'>mistam</span> 
     </span>
     <span class='ocr_line' id='line_1_20' title="bbox 822 1974 2459 2048; baseline 0 -19"><span class='ocrx_word' id='word_1_118' title='bbox 822 1975 1205 2047; x_wconf 82' lang='lat' dir='ltr'>voluptatem3</span> <span class='ocrx_word' id='word_1_119' title='bbox 1272 1975 1583 2046; x_wconf 88' lang='lat' dir='ltr'>paucisque</span> <span class='ocrx_word' id='word_1_120' title='bbox 1635 1975 1854 2041; x_wconf 90' lang='lat' dir='ltr'>diebus,</span> <span class='ocrx_word' id='word_1_121' title='bbox 1910 1975 2116 2047; x_wconf 88' lang='lat' dir='ltr'>quibus</span> <span class='ocrx_word' id='word_1_122' title='bbox 2178 1974 2459 2048; x_wconf 87' lang='lat' dir='ltr'>Cangoxi—</span> 
     </span>
     <span class='ocr_line' id='line_1_21' title="bbox 825 2062 2459 2126; baseline -0.001 -8"><span class='ocrx_word' id='word_1_123' title='bbox 825 2082 979 2118; x_wconf 91' lang='lat' dir='ltr'>mam</span> <span class='ocrx_word' id='word_1_124' title='bbox 1035 2063 1244 2117; x_wconf 86' lang='lat' dir='ltr'>Paulus</span> <span class='ocrx_word' id='word_1_125' title='bbox 1290 2070 1617 2126; x_wconf 89' lang='lat' dir='ltr'>reverterat,</span> <span class='ocrx_word' id='word_1_126' title='bbox 1667 2070 1885 2117; x_wconf 92' lang='lat' dir='ltr'>certum</span> <span class='ocrx_word' id='word_1_127' title='bbox 1957 2062 2250 2118; x_wconf 91' lang='lat' dir='ltr'>hominem</span> <span class='ocrx_word' id='word_1_128' title='bbox 2304 2063 2459 2118; x_wconf 87' lang='lat' dir='ltr'>misit</span> 
     </span>
     <span class='ocr_line' id='line_1_22' title="bbox 823 2150 2461 2223; baseline -0.001 -17"><span class='ocrx_word' id='word_1_129' title='bbox 823 2172 961 2206; x_wconf 91' lang='lat' dir='ltr'>sane</span> <span class='ocrx_word' id='word_1_130' title='bbox 1003 2151 1327 2214; x_wconf 80' lang='lat' dir='ltr'>honestum,</span> <span class='ocrx_word' id='word_1_131' title='bbox 1359 2150 1454 2222; x_wconf 91' lang='lat' dir='ltr'>qui</span> <span class='ocrx_word' id='word_1_132' title='bbox 1498 2151 1630 2204; x_wconf 90' lang='lat' dir='ltr'>inde</span> <span class='ocrx_word' id='word_1_133' title='bbox 1674 2152 2016 2205; x_wconf 91' lang='lat' dir='ltr'>sumendum</span> <span class='ocrx_word' id='word_1_134' title='bbox 2063 2170 2294 2223; x_wconf 89' lang='lat' dir='ltr'>quoquo</span> <span class='ocrx_word' id='word_1_135' title='bbox 2344 2169 2461 2205; x_wconf 89' lang='lat' dir='ltr'>mo-</span> 
     </span>
     <span class='ocr_line' id='line_1_23' title="bbox 825 2238 2461 2308; baseline -0.002 -13"><span class='ocrx_word' id='word_1_136' title='bbox 825 2243 898 2295; x_wconf 92' lang='lat' dir='ltr'>do</span> <span class='ocrx_word' id='word_1_137' title='bbox 963 2247 1184 2294; x_wconf 81' lang='lat' dir='ltr'>curaret</span> <span class='ocrx_word' id='word_1_138' title='bbox 1259 2239 1623 2307; x_wconf 81' lang='lat' dir='ltr'>exemplum3</span> <span class='ocrx_word' id='word_1_139' title='bbox 1717 2256 1913 2292; x_wconf 90' lang='lat' dir='ltr'>verum</span> <span class='ocrx_word' id='word_1_140' title='bbox 1979 2256 2109 2293; x_wconf 89' lang='lat' dir='ltr'>cum</span> <span class='ocrx_word' id='word_1_141' title='bbox 2192 2239 2315 2308; x_wconf 89' lang='lat' dir='ltr'>ejus</span> <span class='ocrx_word' id='word_1_142' title='bbox 2381 2238 2461 2292; x_wconf 92' lang='lat' dir='ltr'>rei</span> 
     </span>
     <span class='ocr_line' id='line_1_24' title="bbox 827 2323 2464 2394; baseline -0.002 -14"><span class='ocrx_word' id='word_1_143' title='bbox 827 2325 1197 2394; x_wconf 78' lang='lat' dir='ltr'>Cangoximae</span> <span class='ocrx_word' id='word_1_144' title='bbox 1263 2323 1502 2378; x_wconf 88' lang='lat' dir='ltr'>facultas</span> <span class='ocrx_word' id='word_1_145' title='bbox 1576 2325 1817 2387; x_wconf 88' lang='lat' dir='ltr'>deesset,</span> <span class='ocrx_word' id='word_1_146' title='bbox 1895 2324 2188 2393; x_wconf 88' lang='lat' dir='ltr'>negotium</span> <span class='ocrx_word' id='word_1_147' title='bbox 2255 2324 2464 2378; x_wconf 89' lang='lat' dir='ltr'>confici</span> 
     </span>
     <span class='ocr_line' id='line_1_25' title="bbox 825 2410 2458 2480; baseline -0.001 -15"><span class='ocrx_word' id='word_1_148' title='bbox 825 2412 978 2465; x_wconf 88' lang='lat' dir='ltr'>haud</span> <span class='ocrx_word' id='word_1_149' title='bbox 1021 2410 1226 2480; x_wconf 90' lang='lat' dir='ltr'>potuit.</span> <span class='ocrx_word' id='word_1_150' title='bbox 1307 2411 1530 2463; x_wconf 88' lang='lat' dir='ltr'>Eadem</span> <span class='ocrx_word' id='word_1_151' title='bbox 1575 2410 1775 2463; x_wconf 91' lang='lat' dir='ltr'>mulier</span> <span class='ocrx_word' id='word_1_152' title='bbox 1815 2429 1916 2479; x_wconf 91' lang='lat' dir='ltr'>per</span> <span class='ocrx_word' id='word_1_153' title='bbox 1957 2411 2223 2463; x_wconf 89' lang='lat' dir='ltr'>eumdem</span> <span class='ocrx_word' id='word_1_154' title='bbox 2265 2418 2458 2479; x_wconf 89' lang='lat' dir='ltr'>postu-</span> 
     </span>
     <span class='ocr_line' id='line_1_26' title="bbox 825 2497 2466 2566; baseline -0.002 -13"><span class='ocrx_word' id='word_1_155' title='bbox 825 2501 962 2554; x_wconf 89' lang='lat' dir='ltr'>lavit</span> <span class='ocrx_word' id='word_1_156' title='bbox 1009 2517 1042 2552; x_wconf 91' lang='lat' dir='ltr'>a</span> <span class='ocrx_word' id='word_1_157' title='bbox 1084 2499 1249 2551; x_wconf 90' lang='lat' dir='ltr'>nobis</span> <span class='ocrx_word' id='word_1_158' title='bbox 1288 2499 1371 2551; x_wconf 89' lang='lat' dir='ltr'>uti</span> <span class='ocrx_word' id='word_1_159' title='bbox 1430 2498 1536 2551; x_wconf 91' lang='lat' dir='ltr'>sibi</span> <span class='ocrx_word' id='word_1_160' title='bbox 1577 2498 1904 2551; x_wconf 86' lang='lat' dir='ltr'>christianae</span> <span class='ocrx_word' id='word_1_161' title='bbox 1945 2497 2234 2565; x_wconf 87' lang='lat' dir='ltr'>religionis</span> <span class='ocrx_word' id='word_1_162' title='bbox 2274 2498 2466 2566; x_wconf 89' lang='lat' dir='ltr'>capita</span> 
     </span>
     <span class='ocr_line' id='line_1_27' title="bbox 826 2582 2465 2653; baseline -0.004 -13"><span class='ocrx_word' id='word_1_163' title='bbox 826 2586 1030 2640; x_wconf 89' lang='lat' dir='ltr'>litteris</span> <span class='ocrx_word' id='word_1_164' title='bbox 1103 2584 1439 2653; x_wconf 87' lang='lat' dir='ltr'>consignata</span> <span class='ocrx_word' id='word_1_165' title='bbox 1517 2584 1891 2636; x_wconf 90' lang='lat' dir='ltr'>traderemus.</span> <span class='ocrx_word' id='word_1_166' title='bbox 1986 2585 2189 2652; x_wconf 90' lang='lat' dir='ltr'>Itaque</span> <span class='ocrx_word' id='word_1_167' title='bbox 2257 2582 2465 2635; x_wconf 88' lang='lat' dir='ltr'>Paulus</span> 
     </span>
     <span class='ocr_line' id='line_1_28' title="bbox 828 2670 2466 2739; baseline -0.004 -13"><span class='ocrx_word' id='word_1_168' title='bbox 828 2692 959 2726; x_wconf 89' lang='lat' dir='ltr'>cum</span> <span class='ocrx_word' id='word_1_169' title='bbox 1013 2673 1069 2724; x_wconf 92' lang='lat' dir='ltr'>in</span> <span class='ocrx_word' id='word_1_170' title='bbox 1123 2691 1189 2724; x_wconf 91' lang='lat' dir='ltr'>ea</span> <span class='ocrx_word' id='word_1_171' title='bbox 1242 2690 1300 2723; x_wconf 90' lang='lat' dir='ltr'>re</span> <span class='ocrx_word' id='word_1_172' title='bbox 1353 2670 1474 2722; x_wconf 87' lang='lat' dir='ltr'>dies</span> <span class='ocrx_word' id='word_1_173' title='bbox 1526 2670 1741 2739; x_wconf 90' lang='lat' dir='ltr'>aliquot</span> <span class='ocrx_word' id='word_1_174' title='bbox 1799 2670 2102 2737; x_wconf 87' lang='lat' dir='ltr'>posuisset,</span> <span class='ocrx_word' id='word_1_175' title='bbox 2165 2670 2345 2723; x_wconf 92' lang='lat' dir='ltr'>multa</span> <span class='ocrx_word' id='word_1_176' title='bbox 2398 2671 2466 2722; x_wconf 92' lang='lat' dir='ltr'>de</span> 
     </span>
     <span class='ocr_line' id='line_1_29' title="bbox 829 2755 2469 2826; baseline -0.004 -13"><span class='ocrx_word' id='word_1_177' title='bbox 829 2758 1272 2813; x_wconf 87' lang='lat' dir='ltr'>christianorum</span> <span class='ocrx_word' id='word_1_178' title='bbox 1348 2756 1631 2826; x_wconf 89' lang='lat' dir='ltr'>mysteriis</span> <span class='ocrx_word' id='word_1_179' title='bbox 1705 2764 1876 2825; x_wconf 91' lang='lat' dir='ltr'>atque</span> <span class='ocrx_word' id='word_1_180' title='bbox 1979 2755 2258 2816; x_wconf 87' lang='lat' dir='ltr'>institutis</span> <span class='ocrx_word' id='word_1_181' title='bbox 2338 2772 2469 2810; x_wconf 90' lang='lat' dir='ltr'>con-</span> 
     </span>
     <span class='ocr_line' id='line_1_30' title="bbox 831 2843 1558 2916; baseline -0.007 -16"><span class='ocrx_word' id='word_1_182' title='bbox 831 2845 1056 2916; x_wconf 88' lang='lat' dir='ltr'>scripsit</span> <span class='ocrx_word' id='word_1_183' title='bbox 1116 2843 1302 2914; x_wconf 91' lang='lat' dir='ltr'>patria</span> <span class='ocrx_word' id='word_1_184' title='bbox 1347 2843 1558 2912; x_wconf 85' lang='lat' dir='ltr'>lingua.</span> 
     </span>
    </p>

    <p class='ocr_par' dir='ltr' id='par_1_6' title="bbox 832 2929 2472 3177">
     <span class='ocr_line' id='line_1_31' title="bbox 906 2929 2467 2999; baseline -0.003 -13"><span class='ocrx_word' id='word_1_185' title='bbox 906 2933 1050 2987; x_wconf 88' lang='lat' dir='ltr'>Illud</span> <span class='ocrx_word' id='word_1_186' title='bbox 1107 2931 1245 2985; x_wconf 91' lang='lat' dir='ltr'>mihi</span> <span class='ocrx_word' id='word_1_187' title='bbox 1299 2931 1531 2994; x_wconf 90' lang='lat' dir='ltr'>credite,</span> <span class='ocrx_word' id='word_1_188' title='bbox 1579 2938 1635 2984; x_wconf 93' lang='lat' dir='ltr'>et</span> <span class='ocrx_word' id='word_1_189' title='bbox 1683 2929 1850 2983; x_wconf 92' lang='lat' dir='ltr'>simul</span> <span class='ocrx_word' id='word_1_190' title='bbox 1906 2931 2031 2983; x_wconf 94' lang='lat' dir='ltr'>Deo</span> <span class='ocrx_word' id='word_1_191' title='bbox 2085 2929 2467 2999; x_wconf 87' lang='lat' dir='ltr'>gratulemini,</span> 
     </span>
     <span class='ocr_line' id='line_1_32' title="bbox 832 3018 2468 3086; baseline -0.003 -12"><span class='ocrx_word' id='word_1_192' title='bbox 832 3022 1175 3074; x_wconf 89' lang='lat' dir='ltr'>latissimum</span> <span class='ocrx_word' id='word_1_193' title='bbox 1250 3020 1411 3072; x_wconf 85' lang='lat' dir='ltr'>vobis</span> <span class='ocrx_word' id='word_1_194' title='bbox 1485 3037 1751 3086; x_wconf 88' lang='lat' dir='ltr'>campum</span> <span class='ocrx_word' id='word_1_195' title='bbox 1827 3018 2050 3085; x_wconf 87' lang='lat' dir='ltr'>aperiri,</span> <span class='ocrx_word' id='word_1_196' title='bbox 2117 3018 2212 3069; x_wconf 89' lang='lat' dir='ltr'>ubi</span> <span class='ocrx_word' id='word_1_197' title='bbox 2280 3026 2468 3070; x_wconf 91' lang='lat' dir='ltr'>vestra</span> 
     </span>
     <span class='ocr_line' id='line_1_33' title="bbox 836 3103 2472 3177; baseline -0.003 -16"><span class='ocrx_word' id='word_1_198' title='bbox 836 3107 1124 3162; x_wconf 90' lang='lat' dir='ltr'>concitata</span> <span class='ocrx_word' id='word_1_199' title='bbox 1187 3106 1307 3177; x_wconf 87' lang='lat' dir='ltr'>jam</span> <span class='ocrx_word' id='word_1_200' title='bbox 1373 3105 1557 3175; x_wconf 89' lang='lat' dir='ltr'>pietas</span> <span class='ocrx_word' id='word_1_201' title='bbox 1632 3112 1910 3158; x_wconf 83' lang='lat' dir='ltr'>excurrat.</span> <span class='ocrx_word' id='word_1_202' title='bbox 2023 3106 2145 3156; x_wconf 93' lang='lat' dir='ltr'>Nos</span> <span class='ocrx_word' id='word_1_203' title='bbox 2203 3103 2472 3173; x_wconf 81' lang='lat' dir='ltr'>japonice</span> 
     </span>
    </p>
   </div>
   <div class='ocr_carea' id='block_1_6' title="bbox 0 3569 2708 3748">
    <p class='ocr_par' dir='ltr' id='par_1_7' title="bbox 0 3569 2708 3748">
     <span class='ocr_line' id='line_1_34' title="bbox 0 3569 2708 3748; baseline 0 6"><span class='ocrx_word' id='word_1_204' title='bbox 0 3569 2708 3748; x_wconf 95' lang='lat' dir='ltr'> </span> 
     </span>
    </p>
   </div>
   <div class='ocr_carea' id='block_1_7' title="bbox 2684 0 2708 44">
    <p class='ocr_par' dir='ltr' id='par_1_8' title="bbox 2684 0 2708 44">
     <span class='ocr_line' id='line_1_35' title="bbox 2684 0 2708 44; baseline 0 3710"><span class='ocrx_word' id='word_1_205' title='bbox 2684 0 2708 44; x_wconf 95' lang='lat' dir='ltr'> </span> 
     </span>
    </p>
   </div>
   <div class='ocr_carea' id='block_1_8' title="bbox 2708 853 2712 1527">
    <p class='ocr_par' dir='ltr' id='par_1_9' title="bbox 2708 853 2712 1527">
     <span class='ocr_line' id='line_1_36' title="bbox 2708 853 2712 1527; baseline 0 0"><span class='ocrx_word' id='word_1_206' title='bbox 2708 853 2712 1527; x_wconf 95' lang='lat' dir='ltr'> </span> 
     </span>
    </p>
   </div>
  </div>
 </body>
</html>
