2639 3798
653 388 841 426 LIBER
877 389 1006 427 VIII.
1027 404 1101 411 --
1120 390 1415 428 EPISTOLA
1455 391 1494 427 1.
1791 388 1898 443 175

255 517 634 578 charactereS,
701 518 801 566 sed
862 535 950 567 res
1007 517 1270 583 protinus
1327 517 1483 584 ipsas
1547 517 1896 585 exprimunt,

252 604 496 673 ideoque
544 610 677 655 sunt
725 602 1189 655 innumerabiles.

327 692 573 745 Discunt
617 699 829 754 autem,
879 691 974 760 qui
1022 692 1297 745 doctrinae
1344 711 1557 745 nomen
1601 693 1894 755 affectant,

249 781 505 851 Japones
562 778 882 832 litterarum
930 778 1167 831 istarum
1215 787 1584 849 potestatem,
1629 780 1740 832 hoc
1789 787 1894 841 est,

251 886 367 921 non
421 869 575 936 quod
628 867 864 921 verbum
913 875 1010 921 aut
1062 868 1404 921 vocabulum
1458 868 1736 931 indicent,
1792 867 1894 920 sed

251 973 423 1024 quam
464 973 584 1008 rem
614 954 933 1023 designent.
1014 955 1377 1009 Sublevando
1410 963 1603 1009 autern
1646 956 1892 1009 elemen-

249 1043 525 1097 tariorum
571 1051 626 1095 et
663 1042 1069 1111 magistrorum
1115 1042 1293 1096 labori
1340 1042 1450 1097 hoc
1494 1042 1894 1111 excogitarunt

251 1130 678 1198 compendium.
778 1131 1114 1198 Proponunt
1168 1130 1224 1182 in
1277 1130 1474 1182 tabula
1530 1130 1753 1183 litteras
1807 1129 1893 1182 Si-

252 1217 428 1280 nicaS,
484 1217 688 1286 cuique
741 1216 1092 1285 imponendo
1143 1217 1357 1285 pictam
1412 1217 1656 1285 effigiem
1710 1217 1892 1284 ipsius

251 1303 327 1357 rei
391 1320 563 1373 quam
626 1302 930 1373 significat.
1026 1304 1289 1373 Exempli
1347 1304 1549 1373 gratia,
1605 1304 1701 1374 qui
1756 1304 1888 1357 cha-

250 1399 434 1444 racter
472 1390 692 1444 homini
733 1391 1087 1459 designando
1126 1391 1422 1446 institutus
1463 1400 1568 1455 est,
1611 1392 1662 1445 ei
1694 1383 1888 1446 ‘forma

252 1498 517 1549 expressa
544 1478 796 1531 hominis
834 1479 1134 1533 incumbit.
1198 1479 1292 1533 Sic
1336 1479 1394 1533 in
1424 1479 1667 1534 caeteriS.
1749 1481 1894 1536 Inde

252 1568 313 1620 fit
367 1575 429 1620 ut
491 1567 773 1619 admoniti
843 1575 1157 1636 conspectu
1211 1567 1357 1636 signi
1419 1569 1677 1638 Japones
1719 1568 1894 1621 lecto-

253 1671 358 1717 reS,
424 1655 655 1706 easdem
725 1654 957 1722 quidem
1022 1672 1111 1705 res
1174 1655 1511 1722 cogitationi
1565 1655 1892 1723 subjiciant,

252 1759 392 1809 quas
448 1742 585 1792 Sina
639 1742 886 1809 scriptor
938 1732 995 1792 in
1050 1748 1241 1793 mente
1303 1740 1531 1803 habuit3
1600 1742 1700 1794 sed
1741 1743 1892 1805 ,dum

250 1846 387 1881 voce
422 1829 576 1897 quod
618 1827 816 1896 legunt
860 1828 1117 1891 efferunt,
1160 1826 1438 1881 vocabula
1478 1828 1762 1899 Japonica
1803 1846 1894 1882 res

251 1913 372 1967 illas
418 1915 755 1968 denotantia
807 1914 1211 1983 pronuntient:
1273 1932 1400 1983 quae
1456 1914 1609 1968 Sinae
1656 1914 1890 1968 audien-

250 2008 353 2065 teS,
408 2002 545 2071 quid
608 2001 715 2054 sibi
766 2001 941 2055 velint
1004 2020 1235 2070 prorsus
1290 2000 1581 2056 nesciunt:
1649 2000 1733 2056 uti
1786 2019 1892 2056 nec

249 2089 498 2142 vicissim
546 2089 593 2143 si
640 2107 835 2142 coram
881 2091 1104 2160 Japone
1153 2089 1291 2141 Sina
1337 2090 1600 2141 eamdem
1650 2088 1890 2158 scriptu-

250 2194 369 2230 ram
414 2195 555 2231 voce
603 2175 863 2230 adhibita
908 2176 1103 2246 legens
1149 2177 1448 2247 exprimat,
1499 2179 1689 2249 Japon
1736 2176 1890 2230 haud

250 2263 524 2334 intelliget
571 2264 707 2334 quid
753 2264 926 2317 verba
974 2271 1199 2318 sonent.

326 2352 674 2422 Scripsimus
716 2352 908 2421 lingua
945 2351 1220 2421 japonica
1261 2351 1467 2404 librum
1510 2350 1890 2421 explicantem

250 2441 494 2511 origines
540 2441 758 2506 mundi,
804 2449 859 2494 et
902 2448 1111 2494 cuncta
1151 2440 1284 2493 vitae
1332 2439 1549 2493 Christi
1596 2440 1886 2510 mysteria.

251 2527 651 2597 Eumdemque
704 2528 913 2581 deinde
959 2528 1165 2580 librum
1213 2528 1408 2580 sinicis
1460 2528 1888 2581 characteribus

249 2612 670 2682 descripsimus,
706 2615 859 2682 quod
903 2613 1192 2682 exemplar
1234 2614 1556 2682 cogitamus
1599 2614 1743 2668 ferre
1787 2632 1886 2669 no-

218 2700 464 2754 biscum
512 2711 715 2755 euntes
757 2703 830 2755 ad
876 2701 1072 2763 Sinas;
1124 2709 1184 2754 ut
1227 2700 1454 2755 interim
1499 2701 1636 2755 dum
1680 2699 1887 2771 linguae

248 2789 511 2842 notitiam
555 2808 844 2859 paramUS,
890 2789 1182 2858 specimen
1220 2788 1509 2857 possimus
1553 2789 1690 2841 dare
1733 2788 1888 2840 Sinis

247 2874 457 2943 scripto
485 2876 625 2946 ipsis
665 2884 806 2931 noto
834 2893 1164 2946 expressum
1194 2893 1391 2929 eorum
1420 2894 1547 2946 quae
1575 2876 1883 2929 afferimus·

316 2963 436 3017 Oro
482 2971 656 3034 atque
702 2964 939 3017 obsecro
990 2970 1250 3017 sanctam
1306 2962 1648 3016 charitatem
1701 2970 1881 3027 tuam,

244 3064 341 3114 per
389 3069 503 3120 quo
557 3052 745 3105 Deum
800 3069 995 3105 amore
1046 3049 1426 3120 prosequeriS,
1480 3067 1708 3120 quoque
1760 3049 1884 3119 ejus

245 3135 499 3208 obsequii
555 3139 748 3194 studio
802 3139 1026 3209 flagras
1084 3137 1172 3192 fac
1229 3146 1349 3192 tam
1409 3137 1530 3207 ipse
1585 3145 1647 3192 tu
1708 3154 1881 3207 quam
