2665 3754
663 375 766 434 292
1015 376 1200 419 LmER
1236 377 1366 419 vnl.
1387 392 1461 403 -·-
1479 378 1775 419 EPISTOLA
1809 379 1924 419 xm.

730 517 919 587 Quare
961 517 1140 572 sicubi
1182 518 1394 573 femina
1434 519 1538 574 viri
1580 538 1779 590 expers
1815 527 1870 574 et
1908 520 2046 574 orba
2082 537 2280 590 paren-

654 602 808 660 tibus
853 604 1246 661 convenienda
1297 606 1452 663 domi
1502 624 1618 662 suae
1671 607 1761 673 sit,
1811 625 1882 661 ne
1927 607 2057 662 illuc
2102 607 2281 679 ingre-

650 690 839 748 diatur
869 711 900 748 e
929 693 1223 750 Societate
1260 694 1561 767 quisquam
1602 694 1764 749 aliter
1799 712 1971 765 quam
2011 695 2283 766 adjuncto

652 779 760 834 sibi
802 780 1013 835 comite
1054 781 1176 835 viro
1218 783 1418 852 prob0‚
1456 790 1511 836 et
1553 800 1657 852 pro
1698 782 1797 836 tali
1840 782 2038 836 habito
2081 800 2210 836 cum
2248 801 2281 835 a

655 868 927 938 cognatis·
974 877 1030 923 et
1088 869 1424 923 necessariis
1489 869 1757 934 mulier-iS,
1821 877 1943 924 tum
1997 890 2031 924 a
2080 869 2281 924 vicinis

652 961 707 1008 et
744 954 900 1008 urbis
928 963 1025 1010 aut
1063 955 1242 1011 totius
1279 956 1412 1026 pagi
1451 955 1670 1021 incolis,
1711 974 1824 1026 quo
1863 955 2281 1025 suspicionibus

654 1048 817 1095 eatur
868 1040 1114 1106 obviam,
1167 1049 1223 1096 et
1276 1059 1602 1097 sermonum
1667 1042 1906 1097 materia
1965 1050 2279 1097 truncetur.

651 1128 735 1181 Ac
780 1145 851 1181 ne
899 1127 999 1181 tali
1046 1128 1276 1198 quidem
1329 1128 1839 1199 circumspectione
1892 1128 2280 1198 comitatuque

651 1215 956 1277 adeantur,
1002 1214 1140 1277 nisi,
1176 1223 1239 1268 ut
1285 1215 1502 1268 dictum
1555 1223 1660 1279 est,
1707 1216 1767 1268 in
1819 1215 2086 1270 extremis
2135 1214 2277 1284 peri-

647 1300 803 1354 culis·
843 1300 1162 1370 gravissimi
1213 1301 1519 1371 languoris.
1600 1303 1755 1371 Ergo
1806 1300 2278 1371 quotiescumque

650 1388 851 1441 morbo
901 1387 1066 1441 haud·
1106 1388 1331 1442 sontico
1382 1396 1640 1452 tentatae,
1686 1387 1973 1457 prohiberi
2018 1405 2135 1441 non
2178 1405 2277 1457 pu-

650 1482 847 1528 tantur
888 1474 1193 1545 quominus
1233 1475 1322 1529 vel
1365 1476 1582 1539 statim,
1612 1474 1925 1529 adnitendo
1966 1473 2276 1544 paululum,

646 1561 743 1615 vel<
788 1579 904 1615 non
943 1561 1031 1616 ita·
1078 1561 1259 1617 multo
1313 1570 1444 1632 post
1493 1561 1644 1617 foras
1700 1561 1999 1632 prodeant,
2040 1559 2277 1615 omnino

644 1648 702 1702 in
743 1649 974 1719 templis
1015 1658 1433 1719 exspectentur.

713 1734 864 1807 Quin
910 1743 966 1790 et
1011 1735 1070 1790 in
1116 1735 1225 1792 hoc
1269 1754 1477 1807 genere
1523 1737 1840 1792 cavendum
1888 1754 1960 1790 ne
2006 1734 2271 1807 multipli-

639 1825 856 1889 centun
909 1824 1083 1878 etiam
1129 1826 1203 1878 ad
1254 1825 1501 1895 graviter
1551 1843 1748 1895 aegraS,
1803 1832 2128 1877 nostrorum
2174 1842 2266 1877 ac-

642 1928 842 1965 cessus·
899 1911 1051 1965 ultra·
1112 1930 1283 1982 quam
1356 1930 1583 1966 summa
1647 1912 1867 1982 flagitat
1933 1911 2271 1974 necessita&

641 1997 920 2067 deturque
958 1997 1266 2053 universim
1296 2016 1493 2054 severa
1524 2016 1696 2070 opera
1736 1997 2060 2054 resecandis
2098 1997 2280 2052 etiam·

612 2148 615 2151 ,
643 2084 835 2153 (quod.
866 2082 1103 2148 dicitur.)
1139 2085 1221 2137 ad:
1251 2084 1443 2138 vivum
1483 2085 1679 2147 rebus,
1713 2093 1775 2138 ut
1814 2101 1987 2153 quam
2028 2084 2279 2138 maxime.

643 2169 929 2224 incidatur
970 2178 1026 2225 et
1068 2171 1126 2224 in
1163 2171 1515 2225 rarissimum
1559 2178 1895 2224 extenuetur
1935 2188 2099 2223 usum
2143 2187 2279 2221 nos·

642 2264 861 2311 trorum
925 2255 1222 2311 hominum
1288 2275 1417 2311 cum
1476 2257 1588 2311 isto
1647 2275 1781 2311 sexu
1845 2256 2269 2319 commercium,

638 2344 782 2398 lucri
839 2344 1035 2414 utique
1097 2346 1299 2415 exigui,
1364 2344 1597 2414 periculi
1649 2343 1883 2397 maximi
1896 2363 1910 2405 ;
1977 2362 2090 2413 quo
2141 2359 2283 2412 spes:-

640 2428 860 2486 incenta
921 2450 1036 2486 non
1093 2432 1293 2502 magni:
1336 2431 1669 2502 plerumque
1734 2432 1805 2485 ad
1872 2430 1980 2485 Dei
2031 2429 2279 2501 gloriam}

638 2536 826 2588 operae
889 2518 1076 2588 pretii,
1151 2519 1388 2588 ancipiti
1455 2518 1723 2590 jacienda
1796 2517 2139 2573 innocentiae
2203 2534 2273 2571 ac·

640 2605 808 2658 bonae
853 2604 1020 2658 famae
1066 2605 1364 2659 redimitur
1408 2605 1548 2658 alea.
2108 2595 2111 2597 ’

714 2693 917 2761 Itaque
969 2710 1041 2745 ne
1093 2692 1153 2745 in
1205 2692 1483 2746 matribus
1546 2691 1776 2762 quidem
1839 2690 2082 2745 familias
2142 2708 2272 2761 quae.

636 2777 991 2849 templorum
1043 2786 1370 2832 nostrorum
1429 2786 1622 2833 terunt
1674 2778 1890 2843 limina,
1943 2778 2074 2833 licet
2128 2777 2266 2831 mul-

637 2875 765 2921 tam
801 2874 1093 2921 ostentent
1131 2865 1573 2936 propensionem
1617 2866 1690 2920 ad
1731 2866 1966 2930 bonum,
2010 2864 2265 2920 erudien-

642 2953 734 3004 djs-
780 2951 1281 3020 adhort-andisque
1317 2951 1557 3005 nimium
1601 2951 1804 3006 vellem
1857 2969 2055 3021 operaev
2094 2958 2277 3021 atque:

635 3039 993 3094 otiinostros
1033 3039 1382 3111 impendere.
1461 3040 1651 3092 Causa
1687 3037 1825 3091 mihi
1854 3037 1936 3092 sic
1968 3033 2275 3106 judicandi·

634 3135 720 3182 est
776 3128 929 3197 quod
982 3128 1379 3182 inconstantes
1423 3128 1480 3180 in
1527 3127 1850 3196 propositis,
1898 3127 2153 3179 verbosae
2204 3123 2260 3175 in
