2665 3754
696 365 805 430 326
1048 377 1232 416 LIBER
1269 378 1396 416 VIII.
1418 393 1490 402 —
1510 377 1801 417 EPISTOLA
1840 377 1976 416 XXII.

694 511 848 565 tibus
890 511 948 563 in
986 529 1179 564 aurem
1224 512 1596 564 admoventes
1636 510 1827 579 potius
1868 518 1929 564 ut
1972 510 2324 565 occultorum

696 597 774 651 rei
804 598 1132 652 domesticae
1159 598 1452 651 vulnerum
1481 615 1547 650 ac
1574 597 1865 650 familiaris
1894 597 2116 666 inopiae,
2147 614 2317 666 quam

696 692 1061 753 peccatorum
1107 684 1378 737 indicium
1426 682 1679 736 afferant.
1733 683 1844 735 ‘Ab
1887 682 1974 735 his
2019 682 2192 736 etiam
2235 692 2317 737 at·

708 788 818 840 que
871 771 1044 823 etiam
1091 779 1151 824 ut
1203 771 1307 823 tibi
1359 787 1562 823 caveas
1616 787 1838 823 moneo,
1915 757 2204 839 Adeoque,
2258 788 2328 825 ne

702 856 760 908 in
800 873 986 909 errore
1025 856 1121 909 diu
1161 856 1430 919 haereant,
1482 863 1702 909 mature
1749 856 1873 908 istis
1912 856 2184 909 denuntia
2224 874 2328 911 nec

703 943 1029 1012 erogatione
1067 942 1341 1011 pecuniae,
1384 961 1487 995 nec
1543 941 1942 1010 suffragatione
1981 941 2189 994 favoris
2227 942 2326 998 hu,—

702 1029 856 1081 mani
901 1047 1068 1098 posse
1113 1037 1170 1081 te
1216 1028 1351 1097 ipsis
1397 1029 1683 1097 prodesse.

776 1115 1074 1184 Colloquia
1130 1132 1297 1184 porro
1337 1132 1479 1186 'cum
1540 1116 1748 1169 talibus
1800 1115 2044 1168 breviter
2107 1117 2325 1184 expedi,

706 1218 839 1253 nam
879 1201 1017 1270 largi
1055 1202 1356 1254 verborum
1398 1208 1548 1264 sunt,
1591 1209 1644 1254 et
1687 1201 1733 1253 si
1773 1218 1966 1253 aurem
2009 1200 2326 1266 indulseri5‚

705 1286 946 1341 multum
990 1286 1093 1341 tibi
1139 1286 1319 1340 otium
1366 1287 1666 1340 absument
1715 1286 1836 1339 sine
1882 1303 2067 1356 operae
2112 1287 2325 1356 preti03

701 1371 971 1443 quoniam
1014 1373 1069 1426 id
1115 1391 1294 1442 genus
1340 1374 1412 1427 ad
1458 1391 1686 1426 sens-um
1733 1372 2107 1442 spiritualium
2156 1373 2320 1428 detri-

705 1467 1029 1513 mentorum
1075 1460 1188 1512 fere
1239 1459 1518 1524 occalluit,
1571 1468 1694 1513 tota
1747 1460 1952 1512 mentis
2004 1461 2321 1515 attentione

701 1547 758 1599 in
786 1547 1064 1600 desiderio
1103 1564 1502 1616 corporeorum
1543 1547 1747 1616 quibus
1786 1555 1952 1616 egent
1994 1547 2321 1602 solatiorum

704 1632 866 1685 unice
927 1633 1126 1686 defixa.
1207 1633 1507 1701 Ejusmodi
1560 1650 1692 1701 ergo
1751 1650 1847 1685 seu
1899 1632 2002 1685 viri
2055 1650 2151 1687 seu
2204 1651 2321 1688 mu-

703 1719 884 1782 liereS,
927 1719 1198 1788 cujusque
1241 1719 1454 1772 ordinis
1500 1727 1596 1772 aut
1642 1718 1863 1788 generis
1907 1720 2141 1773 tandem
2190 1720 2321 1785 sint,

703 1805 831 1859 vide
884 1813 945 1860 ut
996 1806 1193 1875 paucis
1244 1807 1346 1860 abs
1402 1813 1459 1860 te
1512 1806 1776 1860 dimissos
1840 1806 2033 1875 procul
2098 1806 2327 1872 habeas»,

703 1892 853 1946 velut
896 1892 1054 1945 fucos
1097 1901 1197 1946 tuo
1242 1893 1522 1946 mellificio
1565 1892 1801 1945 infestos
1815 1912 1828 1954 ;
1885 1893 1979 1962 qui
2024 1911 2175 1946 mere
2220 1902 2326 1947 ter-

705 1998 841 2034 rena
914 1981 1218 2049 sapienteS,
1285 1999 1453 2050 quem
1519 1980 1807 2048 implicare
1872 1981 1976 2034 sibi
2040 1970 2325 2050 potuerint

705 2066 873 2119 citius
900 2085 929 2119 e
962 2065 1106 2120 coelo
1152 2066 1471 2130 detrahant,
1519 2085 1739 2120 cessare
1776 2086 1808 2120 a
1836 2067 2065 2121 salutari
2112 2068 2322 2122 anima-

704 2169 827 2206 rum
868 2153 1120 2206 subsidio
1160 2153 1500 2222 importunis
1540 2155 1608 2206 de
1648 2154 1775 2207 cibo
1815 2172 2116 2223 corporum
2157 2156 2325 2209 inter-

704 2239 1101 2307 pellationibus
1139 2247 1425 2309 cogenteS,
1456 2258 1626 2309 quam
1661 2240 1768 2309 ipsi
1808 2241 1928 2309 ejus
1968 2242 2319 2311 quantolibet

704 2336 912 2381 conatu
941 2346 971 2380 e
998 2328 1210 2391 vilium,
1242 2328 1333 2380 ubi
1374 2328 1652 2390 desident,
1684 2345 1944 2381 curarum
1985 2346 2151 2383 coeno
2192 2347 2327 2399 quo-

716 2413 848 2467 dam
892 2413 1241 2468 attollantur.

783 2502 912 2554 Hoc
978 2501 1330 2554 mandatum‘
1372 2520 1439 2554 eo
1501 2501 1720 2554 inculco
1784 2501 2107 2568 instantiuS‚
2173 2503 2323 2575 quod

705 2604 925 2643 summe
952 2589 1054 2643 tibi
1095 2589 1477 2643 necessarium
1517 2589 1665 2644 clare
1705 2590 2011 2659 perspicio;
2055 2608 2160 2648 nec
2192 2608 2325 2661 pen-

709 2674 754 2728 si
788 2675 1098 2745 quidquam
1139 2674 1364 2729 habeas
1389 2675 1524 2745 quid
1558 2675 1704 2730 clam
1747 2677 2017 2746 questuri,
2048 2686 2145 2732 aut
2186 2696 2330 2732 mur-

710 2765 983 2817 muraturi
1024 2766 1093 2817 de
1125 2773 1181 2817 te
1222 2765 1333 2817 sint
1373 2765 1465 2817 isti
1507 2766 1914 2818 nundinatores
1953 2766 2329 2821 humanorum

708 2866 737 2900 e
790 2848 1057 2917 religione
1110 2856 1448 2917 quaestuum,
1503 2849 1597 2902 ubi
1650 2857 1808 2903 tuam
1863 2868 1978 2905 suae
2032 2850 2326 2921 cupiditati

707 2936 895 2986 minus
947 2955 1119 3005 quam
1170 2936 1377 2987 vellent
1430 2937 1769 3006 morigeram
1824 2938 2014 2988 ulcisci
2066 2948 2326 2990 constan-

703 3022 842 3076 tiam
884 3023 1200 3077 incusando
1242 3025 1614 3077 conabuntur.
1695 3025 1911 3078 Contra
1950 3025 2039 3079 fac
2080 3026 2329 3080 sentiant

709 3107 860 3167 nulla
911 3116 967 3168 te
1014 3109 1211 3177 judicii
1273 3128 1466 3169 eorum
1527 3111 1867 3169 verecundia
1923 3113 2121 3180 teneri,
2176 3111 2327 3170 nullo
