2649 3754
649 348 752 403 126
1027 362 1214 402 LIBER
1251 361 1356 402 vn.
1377 376 1451 385 ——
1471 361 1767 402 EPIsroLA
1807 361 1885 401 1v.

644 498 786 568 Quae
828 496 1005 567 ipsius
1047 497 1105 551 in
1148 516 1252 552 nos
1298 505 1462 552 tanta
1508 497 1728 563 merita,v
1780 516 1851 551 ne
1895 495 2042 551 male
2084 495 2274 551 locata

643 584 776 649 sint,
819 604 960 638 neve
1027 594 1222 639 nostra
1290 586 1454 655 culpa
1521 586 1841 656 ingratique
1869 585 2068 639 animi
2133 584 2273 639 vitio

642 671 848 726 divinae
899 691 1033 742 erga
1085 691 1190 727 nos
1242 673 1632 727 beneficentiae
1695 680 1986 727 exarescat
2037 673 2272 738 flumen,

639 777 742 813 vos
794 760 968 814 etiam
1013 760 1159 825 istie,
1208 779 1421 830 quae50‚
1470 760 1635 814 nobis
1680 760 1738 813 in
1786 760 2021 830 agendis
2071 759 2273 830 gratiis

642 847 958 902 subvenite.

712 935 802 990 Ad
844 934 967 989 haec
1008 935 1144 989 illud
1187 953 1414 1005 quoque
1456 953 1572 989 non
1614 935 1734 989 leve
1778 936 2144 990 commodum
2181 952 2272 989 ac·

640 1024 812 1088 cedit,
855 1023 1007 1094 quod
1050 1022 1265 1076 deliciis
1307 1022 1393 1087 iis,
1439 1041 1565 1092 quae
1608 1022 1739 1076 alibi
1783 1022 1970 1076 carnis
2006 1021 2269 1077 stimulos

640 1108 860 1163 irritare
905 1109 1195 1179 animique
1241 1116 1296 1163 et
1343 1109 1595 1187 corporis
1639 1109 1787 1163 vires
1837 1106 2021 1164 solent
2074 1107 2269 1163 infrin-

639 1214 788 1267 gere,
831 1196 924 1251 hic
966 1215 1226 1251 caremus
1265 1196 1521 1252 omnino.
1602 1197 1834 1251 Etenim
1875 1197 2107 1270 Japonii
2150 1196 2270 1250 nul-

638 1283 755 1339 lum
784 1284 937 1339 altile
977 1292 1231 1339 mactant
1271 1284 1359 1338 vel
1399 1286 1736 1348 comedunt3
1777 1285 1941 1356 pisce*
1964 1294 2273 1340 vescuntur

639 1372 946 1438 interdum,
994 1392 1163 1444 oryza
1208 1382 1263 1427 et
1309 1374 1501 1427 tritico
1547 1391 1662 1427 non
1710 1374 2024 1440 abundant,
2082 1373 2273 1428 herbis

639 1470 695 1514 et
738 1462 1004 1514 arborum
1051 1461 1325 1515 fructibus
1372 1469 1433 1515 ut
1478 1461 1787 1531 plurimum
1828 1461 2113 1517 victitant.
2194 1461 2271 1516 Et

640 1550 872 1619 quidem
916 1550 995 1603 ita
1022 1547 1292 1618 prospera
1336 1549 1661 1602 valetudine
1704 1550 1776 1602 ad
1806 1549 2044 1602 multam
2092 1566 2271 1617 usque

639 1643 992 1690 senectutem
1067 1642 1320 1699 utuntur,
1386 1643 1447 1688 ut
1512 1634 1675 1688 facile
1749 1644 2021 1704 appareat
2096 1652 2268 1705 quam

638 1722 838 1790 paucis
890 1722 962 1774 sit
1016 1723 1235 1785 eadem,
1291 1740 1417 1791 quae
1470 1722 1721 1791 alioquin
1775 1730 1860 1776 est
1913 1721 2267 1785 insatiabiliS,

637 1817 842 1863 natura
907 1817 1103 1862 nostra
1167 1817 1457 1862 contenta.
1556 1811 1677 1862 Nos
1742 1827 1966 1879 quoque
2031 1825 2267 1878 corpore

632 1896 887 1950 valemus
927 1904 1107 1949 recte:
1150 1896 1368 1949 utinam
1397 1895 1633 1964 perinde
1674 1895 1867 1949 animo
1911 1895 2264 1949 valeremus!

709 1983 927 2037 Eorum
955 1982 1050 2051 qui
1079 1980 1292 2034 nefaria
1320 1981 1487 2050 hujus
1524 1981 1722 2035 insulae
1759 2000 1918 2035 sacra
1955 1988 2263 2051 procurant

636 2088 845 2139 magna
876 2077 962 2123 est
991 2069 1322 2122 multitudo:
1365 2069 1402 2121 ii
1430 2088 1617 2132 carne,
1662 2070 1815 2137 pisce
1857 2066 2104 2139 vinoque
2147 2068 2263 2121 suis

632 2156 851 2224 legibus
893 2156 1210 2215 abstinent3
1268 2155 1442 2206 semel
1484 2163 1707 2207 tantum
1755 2156 2009 2224 quotidie
2054 2155 2265 2218 cibum,

634 2250 690 2295 et
736 2260 866 2294 eum
920 2242 1150 2311 quidem
1203 2242 1466 2310 exiguum
1520 2242 1786 2311 capiunt;
1847 2240 2167 2310 complures
2214 2258 2267 2294 e·
2336 2247 2340 2249 ’

631 2329 792 2391 tiam,
837 2328 1170 2381 clericorum
1215 2326 1389 2380 ferme
1433 2327 1743 2380 retinentes
1786 2335 2071 2389 ornatum,
2113 2325 2265 2393 capi-

631 2412 763 2468 talis
804 2421 958 2467 metu
999 2412 1259 2481 supplicii
1287 2431 1320 2466 a
1349 2412 1645 2466 mulierum
1687 2412 2099 2466 consuetudine
2137 2412 2266 2481 'pro-

630 2498 915 2555 hibentur.
994 2501 1213 2571 Quibus
1258 2501 1335 2553 illi
1381 2502 1565 2565 rebuS,
1614 2510 1670 2554 et
1717 2501 2077 2571 antiquitatis
2118 2500 2263 2570 peri-

628 2591 711 2646 tia
774 2590 1022 2660 quadam
1095 2597 1149 2643 et
1213 2590 1681 2659 superstitionum
1753 2607 1984 2643 suarum
2061 2587 2266 2642 fabulis

633 2677 985 2740 enarrandi5‚
1049 2695 1316 2745 magnam
1370 2677 1476 2729 sibi
1529 2677 1929 2729 auctoritatem
1977 2677 2129 2744 apud
2173 2677 2267 2746 Ja-

633 2764 840 2835 ponios
891 2771 1316 2832 compararunt.
1397 2766 1620 2816 Horum
1675 2763 1918 2816 decretis
1970 2771 2141 2832 atque
2187 2762 2268 2814 in-

633 2851 850 2906 stitutis
902 2852 1054 2920 quod
1115 2851 1483 2904 vehementer
1534 2852 1678 2903 adeo
1731 2850 2043 2904 christiana
2094 2865 2266 2921 quam

633 2940 967 3008 profitemur
1007 2940 1269 2991 doctrina
1318 2940 1669 3002 adversatur,
1710 2938 1874 2991 valde
1915 2937 2272 3007 suspicamur

633 3025 751 3079 fore
794 3033 872 3090 ut,
914 3026 1044 3079 licet
1073 3026 1130 3078 in
1168 3025 1473 3095 praesentia
1515 3025 1680 3079 nobis
1721 3023 1909 3078 favere
1947 3024 2267 3085 videantur,

632 3119 827 3167 tamen
874 3128 1003 3167 cum
1051 3129 1141 3166 res
1191 3111 1468 3181 paulatim
1521 3110 1785 3180 progredi
1834 3110 2091 3180 coeperit,
2138 3126 2266 3162 nos-
