2665 3754
743 318 848 373 414
1114 307 1297 357 LIBER
1337 314 1410 356 ix.
1432 332 1503 339 —
1525 310 1816 355 EPisroLA
1852 307 1992 354 xv11.

743 467 1051 520 eorumque
1108 451 1333 505 virtutis
1385 451 1695 521 periculum
1754 449 1929 503 facias
1986 456 2042 503 et
2104 465 2253 518 saepe
2308 457 2363 504 et

744 546 1027 593 accurate.
1106 540 1320 593 Vereor
1361 539 1510 593 enim
1558 559 1627 593 ne
1671 538 1833 593 multi
1875 546 1931 592 et
1968 537 2089 606 jam
2132 535 2364 591 admissi

744 625 875 690 sint,
920 633 976 679 et
1016 625 1269 695 quotidie
1309 626 1688 680 admittantur
1727 626 1784 679 in
1818 625 2183 687 Societatem,
2225 642 2365 693 quos

746 713 959 769 dimitti
1017 714 1347 785 excludique
1404 722 1718 785 praestaret.
1799 716 1987 784 Quare
2046 712 2365 767 istiusmodi

748 800 1073 855 hominibus
1124 802 1296 856 talem
1348 810 1404 856 te
1457 810 1692 872 praestes
1742 801 1929 866 velim,
1984 799 2206 871 qualem
2264 817 2365 870 ego

746 897 802 943 et
858 892 999 944 Goae
1046 891 1256 954 multiS,
1305 899 1359 944 et
1412 891 1504 945 hic
1551 891 1747 944 comiti
1793 908 1921 943 meo
1966 908 2057 942 me
2101 887 2363 959 praestiti;

751 998 920 1048 quem
996 997 1123 1033 cum
1194 980 1428 1033 minime
1501 988 1698 1048 aptum
1768 997 1891 1032 esse
1955 976 2363 1046 perspexissem

753 1065 1045 1130 Societati,
1105 1066 1284 1119 exemi
1338 1074 1509 1137 atque
1562 1066 1768 1120 dimisi.
1850 1066 1980 1118 Hoc
2030 1072 2092 1117 tu
2145 1082 2366 1133 quoque

748 1153 1072 1206 institutum
1101 1154 1296 1207 sedulo
1325 1162 1380 1207 et
1409 1162 1738 1207 constanter
1763 1153 2002 1214 tenebis;
2034 1152 2114 1205 sic
2141 1168 2367 1220 prorsus

748 1246 809 1291 ut
863 1238 1048 1291 nullus
1099 1246 1156 1291 te
1209 1256 1373 1291 casus
1426 1240 1497 1291 ab
1543 1239 1794 1308 incoepto
1840 1239 2140 1301 deterreat,
2184 1236 2271 1289 vel
2322 1237 2367 1290 si

748 1324 1081 1393 relinquaris
1127 1324 1248 1393 ipse
1294 1325 1464 1378 solus.

821 1413 1008 1480 Quam
1056 1411 1250 1480 iniquo
1296 1413 1488 1465 animo
1533 1412 1675 1464 ferat
1719 1412 1977 1465 diabolus
2024 1411 2367 1464 Societatem

750 1498 807 1550 in
844 1516 1080 1567 regnum
1120 1498 1385 1552 Sinarum
1423 1499 1706 1562 invadere,
1746 1499 1912 1552 nullis
1947 1498 2133 1552 verbis
2174 1499 2368 1567 exequi

748 1603 1000 1653 possum.
1082 1587 1148 1638 Id
1176 1603 1280 1654 ego
1307 1586 1411 1639 tibi
1442 1586 1656 1655 liquido
1684 1587 1962 1639 affirmare
1990 1603 2136 1655 queo
2166 1584 2368 1654 (neque

750 1671 903 1725 enim
941 1672 1085 1725 ullus
1124 1672 1457 1742 relinquitur
1494 1673 1867 1726 dubitationis
1903 1672 2090 1736 locus)
2138 1672 2370 1725 humani

750 1757 972 1826 generis
1032 1757 1256 1811 hostem
1311 1758 1464 1811 nullo
1517 1760 1689 1812 modo
1741 1758 1883 1812 ferre
1934 1776 2102 1826 posse
2154 1758 2369 1811 aditum

751 1843 916 1896 nobis
977 1843 1034 1895 in
1086 1843 1195 1897 hoc
1251 1863 1488 1914 regnum
1540 1854 1753 1915 patere.
1833 1847 1983 1897 Nam
2045 1844 2368 1905 incredibile

751 1939 837 1982 est
889 1931 1094 2000 quibus
1146 1932 1254 1995 ille,
1309 1950 1479 2001 quam
1534 1933 1726 1985 multis
1773 1933 1957 1985 modis
2009 1940 2065 1985 et
2110 1932 2370 2001 pugnarit

751 2025 807 2071 et
852 2025 1084 2085 pugnet,
1133 2025 1358 2071 nostros
1404 2025 1465 2072 ut
1512 2025 1752 2072 conatus
1798 2025 2034 2072 avertat.

825 2105 1235 2156 Verumtamen
1290 2125 1557 2174 magnam
1610 2106 1667 2156 in
1716 2125 1875 2174 spem
1928 2105 2214 2174 ingredior
2258 2104 2372 2157 fore

755 2199 814 2244 ut
852 2190 1115 2245 Christus
1154 2192 1438 2246 Dominus
1481 2199 1674 2247 noster
1713 2194 1942 2246 Satanae
1987 2191 2222 2246 insidias
2264 2190 2371 2244 elu-

752 2279 850 2331 dat
887 2297 1105 2331 omneS.
1183 2281 1266 2332 Ac
1304 2298 1440 2331 sane
1478 2299 1688 2348 magno
1724 2280 1801 2331 illi
1839 2280 2042 2332 honori
2076 2288 2132 2333 et
2165 2279 2370 2348 gloriae,

751 2381 853 2432 per
904 2363 1347 2418 homuncionem
1403 2365 1662 2434 ingentes
1709 2365 1917 2419 diaboli
1969 2365 2093 2418 illos
2146 2364 2373 2434 spiritus

754 2451 1070 2520 comprimi,
1118 2451 1646 2522 intolerandamque
1693 2452 2016 2522 superbiam
2064 2451 2263 2522 frangi.

830 2541 987 2592 Deus
1019 2539 1076 2592 id
1105 2540 1268 2592 nobis
1294 2557 1397 2608 pro
1425 2557 1526 2593 sua
1554 2540 1776 2593 infinita
1802 2539 2062 2593 bonitate
2088 2538 2371 2607 largiatur,

755 2625 1020 2695 idemque
1053 2634 1109 2679 et
1136 2634 1326 2679 tecum
1357 2634 1584 2679 maneat
1622 2634 1678 2679 et
1718 2645 1807 2679 me
1844 2625 2166 2689 comitetur,
2207 2631 2374 2693 atque

757 2729 957 2764 omnes
982 2712 1195 2779 pariter
1220 2713 1493 2780 perducat
1521 2713 1578 2764 in
1606 2712 1831 2765 coelum.

831 2797 1027 2849 Idibus
1066 2799 1346 2850 Novemb.
1380 2799 1639 2861 MDLII,
1679 2817 1746 2850 ex
1781 2806 1947 2867 portu
1988 2793 2374 2851 Sancianensi.

1355 2995 1788 3033 W

2632 1131 2651 1182 N

2631 1410 2652 1442 <a

2634 1988 2665 2562 (Ἰ«““Ρ’(ἵ)ΓΙἸΡἿΡΩΞῗῖἒΓδΙ
2633 1581 2660 1614 0

2639 2702 2665 3097 ’τ-ἳΡΡῒ-ἳ·*·“ἳΩ-ἱ
