2639 3798
1865 413 1971 453 201

722 419 908 458 LIBER
945 417 1074 456 VIII.
1096 432 1169 440 —
1188 417 1484 455 EPISTOLA
1523 418 1585 456 11.

411 558 721 613 Maximam
786 555 845 607 in
910 572 1070 623 spem
1144 555 1432 624 ingredior
1495 554 1613 608 fore
1679 563 1740 609 ut
1809 556 1971 608 Deus

331 648 567 715 januam
619 641 953 709 aditumque
1006 641 1064 693 in
1119 641 1303 703 SinaS,
1350 659 1465 694 non
1518 641 1701 695 solum
1755 649 1970 695 nostrae

337 728 629 792 Societati,
683 745 879 780 verum
927 721 1105 780 'etiam
1159 726 1435 796 religiosis
1481 727 1736 780 omnium
1799 727 1964 782 Ordi-

335 836 469 871 num
509 815 737 867 familiis
777 814 1084 882 aliquando
1123 813 1449 881 patefaciat,
1480 822 1541 866 ut
1574 814 1682 882 piis
1723 814 1963 866 sanctis·

335 923 442 974 que
488 902 762 970 cujusque
807 900 1030 968 generis
1076 899 1404 952 hominibus
1457 919 1697 969 campus
1748 900 1963 969 aperia-

335 1001 442 1054 tur,
487 990 583 1041 ubi
626 986 932 1056 praeclarus
978 988 1210 1056 pietatis
1256 989 1425 1040 ardor
1470 988 1695 1051 existat,
1741 988 1798 1039 in
1842 1005 1963 1055 per-

333 1077 465 1131 ditis
511 1074 840 1127 hominibus
892 1075 964 1126 ad
1017 1074 1272 1127 veritatis
1325 1074 1637 1143 salutisque
1683 1074 1834 1127 viam
1882 1091 1964 1126 re-

333 1161 622 1217 vocandis.
702 1161 891 1228 Quare
930 1180 1148 1223 omnes,
1187 1160 1282 1228 qui
1311 1159 1637 1215 christianae
1675 1159 1964 1229 religionis

332 1247 745 1317 amplificandae
789 1246 980 1299 studio
1022 1255 1306 1309 tenentur,
1352 1247 1527 1300 etiam
1571 1255 1744 1315 atque
1786 1246 1962 1299 etiam

332 1351 483 1402 rogO,
529 1340 589 1385 ut
632 1332 748 1384 suis
792 1333 1006 1385 sanctis
1050 1333 1341 1385 sacrificiis
1385 1350 1451 1385 ac
1495 1333 1759 1401 precibus
1802 1349 1962 1384 meos

330 1420 498 1473 hosce
550 1416 994 1486 qualescumque
1046 1425 1288 1471 conatus
1334 1418 1553 1486 juvent,
1615 1434 1728 1487 quo
1781 1417 1960 1487 regio-

329 1525 456 1558 nem
509 1505 790 1573 ejusmodi
843 1505 1114 1572 aperiam,
1171 1506 1265 1557 ubi
1312 1506 1405 1574 pia
1457 1506 1711 1574 ipsorum
1767 1524 1960 1558 excur-

331 1611 447 1645 rere
489 1593 670 1660 possit
714 1592 1012 1644 industria.

401 1679 486 1729 De
528 1678 695 1730 India
734 1678 886 1746 quod
929 1678 1171 1730 scribam
1214 1678 1353 1729 nihil
1391 1686 1506 1740 est3
1557 1679 1624 1730 iis
1665 1677 1819 1730 enim
1861 1677 1957 1745 qui

328 1765 401 1817 ibi
444 1773 575 1818 sunt
620 1764 803 1817 Sociis
850 1764 1050 1818 datum
1094 1764 1202 1818 hoc
1246 1765 1541 1835 negotium
1586 1773 1691 1829 est,
1736 1772 1798 1818 ut
1832 1782 1959 1834 quae

327 1852 400 1904 ibi
441 1861 712 1921 gerantur
757 1870 858 1904 vos
901 1852 1113 1905 faciant
1161 1854 1450 1906 certioreS.
1535 1855 1667 1905 Huc
1710 1870 1816 1921 ego
1858 1870 1958 1904 nu-

326 1957 423 2008 per
473 1958 539 1992 ex
588 1940 836 2011 Japonia
898 1940 1196 2008 remigravi
1213 1959 1224 2002 ;
1292 1940 1548 2009 corporis
1610 1939 1757 1992 vires
1820 1939 1960 1991 satis

326 2042 559 2094 magnas
605 2026 787 2089 retuli,
840 2026 1065 2080 virtutis
1112 2044 1178 2079 ac
1225 2026 1457 2095 spiritus
1509 2043 1686 2095 prope
1741 2025 1956 2088 nullas;

325 2113 422 2165 sed
468 2131 627 2181 spem
681 2132 911 2166 omnem
960 2114 1017 2165 in
1067 2113 1173 2165 Dei
1221 2113 1577 2182 benignitate
1624 2120 1680 2166 et
1727 2112 1958 2164 immor-

323 2199 526 2253 talibus
580 2200 794 2255 Christi
862 2200 1096 2254 Domini
1150 2200 1474 2270 promeritis
1528 2199 1698 2254 sitam
1752 2198 1956 2262 habe0,

323 2296 382 2343 ut
433 2288 943 2343 laboriosissimum
1002 2288 1109 2343 hoc
1165 2288 1432 2342 Sinarum
1485 2288 1593 2342 iter
1654 2286 1956 2341 conficiam

321 2396 386 2430 ex
413 2379 714 2431 sententia.
795 2377 923 2430 Etsi
964 2377 1117 2429 enim
1146 2377 1266 2445 jam
1309 2394 1718 2446 usquequaque
1759 2391 1954 2438 canuS,

317 2475 511 2520 tamen
563 2468 643 2521 ita
696 2486 821 2521 sum
874 2466 1071 2520 valens
1117 2485 1183 2519 ac
1231 2467 1499 2520 robustus
1550 2474 1611 2519 ut
1659 2483 1955 2534 nunquam

323 2555 520 2623 magis,

390 2641 674 2695 Nimirum
718 2642 941 2694 labores
985 2640 1041 2693 in
1085 2639 1396 2693 excolenda
1440 2647 1611 2709 gente
1656 2639 1955 2692 moderata

316 2727 684 2797 veritatisque
737 2746 803 2781 ac
857 2727 1076 2800 salutis
1107 2744 1224 2780 suae
1289 2727 1497 2795 cupida
1549 2734 1703 2780 recte
1762 2725 1952 2794 positi,

322 2831 558 2882 magnos
593 2813 973 2883 jucunditatis
1013 2812 1229 2865 fructus
1266 2813 1529 2865 afferunt.
1608 2811 1713 2865 Vel
1742 2813 1954 2864 Aman-

317 2900 484 2965 guci-i,
541 2919 690 2963 cum,
758 2908 1044 2968 potestate
1114 2898 1411 2966 Evangelii
1477 2897 1829 2966 praedicandi
1882 2896 1956 2949 ab

317 3004 444 3055 rege
496 2987 666 3051 facta,
722 2987 955 3040 maximi
1002 2987 1074 3038 ad
1122 3005 1227 3038 nos
1273 2986 1590 3038 audiendos
1643 3003 1956 3038 concursus

315 3073 531 3138 fierent,
573 3082 799 3128 tanturn
841 3074 965 3141 cepi
1001 3073 1134 3127 vitae
1175 3072 1422 3126 fructum
1463 3080 1805 3140 tantamque
1833 3071 1953 3123 ani-

315 3159 391 3213 mi
430 3159 710 3227 laetitiam,
753 3167 1030 3232 quantam
1072 3166 1243 3213 antea
1272 3176 1587 3229 nunquam.
1667 3157 1952 3213 Videbam
