2649 3754
396 357 501 411 234
747 358 933 395 LIBER
971 357 1096 396 VIII.
1120 372 1192 379 --
1212 356 1502 396 EPISTOLA
1542 356 1669 395 VIII.

464 494 620 546 Pone
672 494 730 546 in
783 512 850 547 eo
904 494 1156 547 sedulam
1205 501 1260 546 et
1307 493 1592 546 efficacem
1647 510 1897 560 operam,
1953 499 2013 545 ut

387 580 489 632 tibi
530 599 599 632 ne
640 581 785 633 desit
829 582 993 649 copia
1035 581 1283 633 fidelium
1325 588 1379 632 et
1420 580 1831 648 perspicacium
1875 580 2013 631 ami-

387 685 581 718 corum
623 668 795 719 etiam
837 669 1210 729 saecularium,
1254 668 1348 735 qui
1383 676 1437 718 et
1474 668 1611 717 satis
1652 667 1860 717 oculati
1901 667 2012 718 sint

385 761 444 805 ut
488 772 630 821 quos
674 755 730 806 in
776 755 1193 816 concionandO,
1240 755 1295 806 in
1339 754 1748 805 audiendarum
1794 753 2010 805 confes-

384 840 608 891 sionum
651 841 888 905 ratione,
931 842 986 893 in
1029 842 1250 894 caeteris
1291 842 1346 893 id
1386 859 1563 910 genus
1604 837 2007 905 functionibUS,

382 925 637 981 defectus
690 928 947 982 admittis
1003 928 1262 989 videant3
1330 935 1385 981 et
1439 927 1578 981 satis
1630 926 1787 980 liberi
1840 933 1900 981 ut
1953 936 2010 982 te

382 1014 451 1067 de
499 1014 604 1068 illis
651 1014 868 1069 sincere
923 1022 1190 1069 moneant
1206 1035 1218 1077 ;
1280 1033 1346 1068 ac
1392 1023 1452 1068 tu
1500 1013 1691 1082 lapsus
1736 1024 1866 1067 tuos
1911 1033 2011 1082 per

381 1099 531 1152 hunc
600 1103 834 1153 modum
902 1103 1163 1169 cognitos
1225 1103 1495 1153 emendes
1548 1120 1614 1152 ac
1665 1120 2005 1169 praecaveas,

381 1196 549 1254 prout
594 1189 878 1240 convenit.

453 1275 520 1325 In
564 1292 726 1326 sacro
769 1274 1192 1327 confessionum
1237 1276 1647 1327 audiendarum
1692 1275 2006 1327 ministerio

377 1358 801 1413 festinationem
857 1360 1298 1429 perfunctoriam
1352 1362 1575 1425 vitabis,
1624 1368 1679 1415 et
1725 1362 2007 1430 patienter

377 1447 641 1499 attendes
694 1447 941 1516 negotiO,
997 1465 1109 1516 quo
1162 1448 1217 1500 in
1269 1448 1540 1517 majorem
1593 1448 2004 1517 certioremque

376 1532 695 1600 profectum
746 1534 1097 1602 poenitentes
1158 1550 1512 1602 promoveas,
1619 1535 1819 1603 Itaque
1874 1553 2001 1588 cum

374 1619 478 1671 sub
520 1638 753 1671 manum
794 1621 1022 1673 venient
1064 1622 1157 1690 qui
1187 1629 1242 1674 et
1283 1629 1485 1690 egeant
1515 1629 1569 1673 et
1598 1639 1838 1690 capaces
1879 1623 2002 1690 opis

376 1707 506 1769 sint,
563 1715 617 1759 et
671 1708 881 1777 alioqui
927 1709 1058 1762 vitae
1105 1717 1318 1762 statum
1367 1710 1505 1762 satis
1552 1708 1800 1762 habeant
1849 1727 2000 1763 com-

370 1795 640 1863 positum,
697 1805 757 1849 ut
810 1797 878 1849 iis
929 1805 985 1849 et
1038 1797 1208 1850 libeat
1262 1805 1317 1850 et
1364 1809 1525 1849 vacet
1579 1797 1713 1849 dare
1767 1815 1998 1864 operam

372 1880 682 1933 excolendo
723 1882 934 1945 animo,
978 1883 1186 1934 auditis
1228 1900 1423 1934 eorum
1470 1883 1667 1950 culpiS,
1717 1883 1870 1951 ipsos
1913 1884 1999 1952 ju·

371 1967 439 2017 be
483 1968 759 2018 sustinere
801 1985 901 2035 per
943 1969 1063 2019 dies
1110 1968 1343 2035 aliquot,
1393 1969 1780 2035 comparando
1825 1985 1885 2020 se
1928 1970 1999 2021 ad

370 2069 562 2103 veram
617 2053 1057 2104 detestationem
1112 2060 1476 2121 peccatorum
1525 2070 1592 2104 ex
1645 2052 1838 2105 dolore
1893 2053 1999 2105 Dei

370 2138 781 2204 omnipotentis
846 2146 901 2190 et
968 2156 1189 2190 summe
1265 2139 1525 2189 amabilis
1595 2139 1811 2190 offensi.
1913 2139 1999 2190 Ad

368 2223 518 2277 hunc
569 2224 742 2278 finem
795 2224 1097 2293 praescribe
1151 2224 1257 2277 illis
1310 2223 1829 2278 commentationes
1876 2224 2000 2292 pias

367 2309 436 2362 de
483 2318 682 2373 morte,
732 2311 801 2363 de
838 2310 1073 2379 judicio,
1118 2310 1204 2364 vel
1252 2311 1321 2363 de
1362 2310 1546 2379 poenis
1593 2311 1996 2364 damnatorum

366 2399 517 2467 apud
590 2407 886 2463 tartarum,
960 2418 1026 2452 ex
1090 2400 1296 2469 quibus
1370 2399 1748 2468 intelligentes
1825 2419 1995 2470 quam

364 2487 652 2538 atrocibus
699 2505 758 2537 se
804 2487 966 2537 malis
1013 2488 1394 2555 implicuerint
1443 2488 1752 2555 peccandO,
1800 2489 1993 2539 odium

362 2573 711 2641 taediumque
764 2591 934 2642 prave
987 2574 1230 2626 antehac
1283 2581 1540 2626 actorum
1590 2572 1700 2625 tale
1747 2573 1995 2641 concipi-

363 2667 480 2722 ant,
526 2667 586 2712 ut
629 2678 696 2712 ex
738 2660 985 2713 contrito
1032 2662 1201 2713 corde
1246 2679 1408 2712 veras
1455 2660 1771 2712 extundant
1819 2659 1994 2728 lacry-

362 2764 504 2808 maS,
552 2753 606 2798 et
654 2746 1008 2814 propositum
1057 2746 1489 2808 emendationiS‚
1547 2746 1634 2798 cui
1688 2755 1841 2798 recte
1895 2744 1992 2797 fidi

360 2832 539 2899 possit
593 2833 649 2883 in
702 2833 834 2884 vitae
888 2834 1290 2901 consequentis
1353 2833 1665 2884 durabilem
1722 2833 1992 2884 innocen-

361 2918 523 2982 tiam,
568 2918 815 2972 eliciant.

435 3007 563 3059 Hoc
611 3006 855 3059 maxime
899 3007 955 3059 in
999 3007 1067 3060 iis
1111 3007 1546 3070 observandum,
1594 3006 1798 3075 quibus
1845 3006 1993 3059 inter

358 3093 713 3148 irritamenta
759 3094 1032 3163 peccandi
1080 3102 1134 3149 et
1181 3094 1325 3148 bene
1371 3094 1641 3162 operandi
1689 3091 1987 3147 obstacula

2471 1007 2614 1064 sioni
2624 1030 2642 1043 -

2471 1114 2588 1150 rem
2636 1131 2643 1140 .

2473 1201 2643 1237 nexu:

2473 1269 2624 1325 cebis

2474 1374 2611 1413 acco

2482 1620 2641 1673 niten

2484 1796 2603 1855 daS,

2485 1881 2649 1934 feran‘

2488 1967 2608 2035 ejus

2488 2051 2559 2104 ad
2610 2055 2649 2101 t1

2490 2134 2643 2203 inopi

2492 2221 2645 2276 sonis

2493 2308 2630 2363 tam'

2495 2399 2564 2452 ab
2607 2396 2643 2448 il

2497 2486 2645 2538 cidet

2498 2580 2553 2625 et
2619 2589 2649 2622 a

2501 2657 2648 2710 saria

2503 2828 2649 2881 adhil

2505 2914 2649 2968 hom?

2506 3004 2646 3057 tidia

2507 3091 2649 3145 tavis
