2665 3754
730 318 835 384 416
1088 331 1271 369 LIBER
1310 331 1385 368 IX.
1407 346 1479 353 --
1502 329 1794 367 EPISTOLA
1834 328 1999 367 XVIII.

731 464 839 518 hoc
891 485 957 518 ex
1009 484 1218 517 arcano
1265 464 1483 533 collegii
1527 463 1713 516 Sancti
1756 462 1920 515 Pauli
1971 460 2121 531 apud
2169 459 2355 516 Goam

727 553 1025 616 tabulario,
1100 569 1213 621 quo
1281 553 1448 605 Brevi
1523 569 1613 604 me
1682 551 2017 603 nominatim
2088 552 2357 604 Summus

730 638 989 694 Pontifex
1025 645 1180 693 creat
1218 646 1273 692 et
1312 638 1611 692 constituit
1653 640 1935 705 Legatum
1974 656 2139 690 suum
2177 636 2235 689 in
2271 636 2358 691 his

728 727 986 797 partibus
1035 726 1235 778 Indiae.

803 813 912 866 His
962 813 1115 875 visiS,
1174 820 1445 881 rogentur
1496 814 1666 875 arnbo
1722 819 1781 864 ut
1835 812 2105 880 quoniam
2159 817 2357 863 contra

728 899 1093 953 manifestum
1166 899 1222 951 in
1293 899 1641 953 contrarium
1710 899 2015 953 Societatis
2079 900 2235 970 Jesu,
2303 898 2356 951 vi

726 985 1150 1055 pontificiorum
1196 985 1595 1053 diplomatum,
1634 993 1689 1039 et
1727 1004 1917 1039 meum
1957 984 2223 1053 privatim
2263 984 2356 1052 jus

728 1072 800 1124 ob
842 1073 948 1124 rite
994 1071 1261 1124 collatam
1311 1071 1449 1122 mihi
1496 1072 1898 1124 auctoritatem
1945 1071 2146 1138 Legati
2195 1071 2357 1123 Sedis

728 1156 1091 1228 Apostolicae‚
1122 1156 1388 1209 dominus
1416 1156 1656 1210 Alvarus
1687 1159 1874 1210 Gama
1906 1156 2207 1228 praefectus
2236 1156 2356 1209 urbi

731 1245 1041 1298 Malacensi
1076 1261 1176 1311 per
1207 1245 1322 1296 vim
1357 1245 1597 1307 obstitit,
1633 1262 1703 1297 ne
1738 1245 1795 1296 in
1824 1262 2060 1313 regnum
2092 1245 2355 1296 Sinarum

728 1330 1076 1401 praedicandi
1142 1348 1313 1383 causa
1374 1331 1670 1400 Evangelii
1736 1349 1826 1384 me
1891 1330 2206 1384 conferrem
2222 1347 2234 1392 ;
2301 1338 2354 1384 et

730 1434 900 1486 quam
944 1416 1015 1469 ad
1060 1416 1116 1469 id
1160 1415 1492 1469 facultatem
1536 1435 1569 1469 a
1612 1417 1847 1470 domino
1891 1417 2071 1470 Indiae
2114 1423 2355 1485 praetore

728 1503 833 1558 rite
878 1502 1253 1573 perscriptam
1301 1502 1789 1567 demonstrabam,
1843 1503 2006 1557 flocci
2054 1502 2185 1556 fecit
2239 1501 2355 1555 irri-

729 1599 962 1661 tamque
1008 1590 1199 1643 rebelli
1246 1592 1610 1644 contumacia
1656 1592 1902 1645 reddidit
1918 1610 1930 1653 ;
1986 1599 2357 1645 contemnens

729 1685 1003 1747 praeterea
1054 1690 1396 1745 praesentem
1443 1678 1863 1741 auctoritatem,
1912 1678 2006 1747 jus
2060 1696 2251 1729 meum
2303 1685 2357 1729 et

730 1764 947 1818 domini
986 1765 1166 1816 nostri
1204 1765 1350 1832 regis
1389 1784 1503 1816 non
1542 1766 1774 1817 dubiam
1817 1767 1874 1817 in
1914 1767 1971 1818 id
2007 1766 2357 1818 voluntatem

729 1850 1042 1904 asserentis
1071 1850 1287 1903 domini
1323 1850 1615 1904 Francisci
1647 1851 1854 1915 Alvari,
1884 1859 2006 1905 tum
2045 1851 2160 1904 arci
2196 1850 2360 1919 regiae

680 1959 683 1961 ·
737 1938 861 1991 sitae
904 1937 962 1989 in
1007 1937 1142 1989 urbe
1189 1937 1411 1990 Malaca
1453 1937 1830 2006 praesidentiS,
1875 1937 2236 2007 supremique
2281 1936 2360 1988 in-

736 2044 907 2096 super
959 2024 1260 2095 quaestoris
1315 2034 1370 2079 et
1425 2026 1604 2078 aerarii
1631 2026 1930 2095 §custodia
1995 2027 2083 2080 cui
2135 2025 2361 2080 obedire

740 2113 1036 2183 praefracte
1082 2113 1297 2165 abnuit.

811 2200 920 2254 His
964 2199 1269 2254 sceleribus
1315 2200 1585 2270 quoniam
1627 2201 1691 2264 is,
1736 2208 1942 2270 praeter
1980 2201 2194 2255 crimen
2240 2218 2359 2270 per-

735 2288 1032 2342 duellionis
1098 2287 1155 2339 in
1213 2307 1422 2357 regem,
1491 2288 1664 2341 etiam
1723 2289 2172 2342 ecclesiasticum
2230 2308 2359 2341 ana-

734 2377 930 2431 thema
989 2376 1168 2429 Bullis
1220 2376 1508 2445 pontificis
1560 2377 1925 2441 intentatum,
1988 2377 2140 2430 haud
2193 2376 2360 2430 dubie

734 2464 1034 2518 conscivit:
1086 2471 1276 2533 petere
1320 2481 1424 2516 nos
1468 2471 1529 2517 ut
1571 2464 1627 2517 id
1665 2464 1850 2533 ipsum
1893 2464 2210 2518 declaretur
2251 2464 2358 2517 ritu

734 2551 920 2614 solit0,
959 2558 1015 2603 et
1053 2550 1110 2602 in
1148 2568 1217 2602 eo
1253 2550 1397 2613 1000,
1437 2551 1531 2603 ubi
1563 2550 1849 2619 piaculum
1891 2551 2042 2604 istud
2075 2558 2361 2619 patratum

735 2647 838 2702 est,
905 2639 1026 2706 ejus
1090 2646 1289 2690 auctor
1352 2639 1542 2706 palam
1605 2638 1973 2691 denuntietur
2037 2645 2363 2707 segregatus

735 2745 769 2777 a
809 2724 1212 2777 communione
1255 2724 1554 2787 catholica,
1600 2732 1656 2776 et
1700 2725 1771 2775 ab
1814 2723 2089 2777 Ecclesiae
2130 2740 2362 2792 corpore

734 2821 854 2866 tam
902 2811 1099 2864 nefarii
1147 2810 1414 2863 facinoris
1463 2811 1666 2863 merito
1714 2818 1984 2863 resectuS.

810 2898 1075 2953 Mittatur
1126 2906 1317 2952 autern
1371 2897 1621 2966 diploma
1674 2897 1890 2951 domini
1943 2898 2195 2967 episcopi
2257 2896 2362 2950 hoc

737 2987 886 3041 clare
928 2985 1189 3038 indicans
1232 2985 1533 3049 Malacam,
1576 3003 1704 3038 cum
1746 2985 2001 3055 ejusdem
2044 2985 2246 3039 litteris
2292 2981 2362 3035 ad

739 3091 903 3128 suurn
958 3073 1397 3141 proepiscopum
1445 3072 1520 3124 ibi
1568 3073 1930 3135 residentem,
1985 3072 2188 3141 quibus
2235 3086 2360 3124 eum
