2639 3798
678 385 879 444 =*LIBER
921 382 1050 433 vm.
1071 404 1143 411 -
1164 381 1456 426 EPIS‘roLA
1495 378 1569 425 1X.
1844 376 1947 439 2'39

314 530 434 576 tate
481 521 652 575 facies
704 522 1074 585 mentionem,
1128 530 1298 591 atque
1345 522 1499 590 ipsiS,
1547 521 1593 572 si
1639 521 1940 583 videbitur,

316 628 412 664 eas
463 610 683 663 litteras
729 611 1015 673 ostendeS,
1082 610 1429 679 omninoque
1481 617 1641 678 petes
1686 609 1758 662 ab
1810 627 1941 678 rege

314 705 375 751 ut
417 688 643 750 illorum
686 716 818 767 erga
861 716 964 751 nos
1010 697 1336 767 Christique
1382 697 1710 766 religionem
1756 695 1942 748 officia

314 792 474 855 grata
526 785 631 837 sibi
679 785 952 857 accidisse
995 785 1293 855 significet,
1342 793 1398 838 et
1446 772 1776 837 eorumdem
1824 793 1940 838 stu-

315 873 407 926 dia
473 890 572 941 per
622 872 839 925 litteras
906 872 986 925 ita
1037 872 1336 935 collaudet,
1393 880 1452 924 ut
1507 871 1700 924 omnia
1763 871 1940 924 divini

314 960 498 1014 cultus
550 960 741 1029 reique
794 959 1118 1014 christianae
1170 960 1521 1013 incrementa
1573 958 1710 1028 ipsis
1762 957 1939 1028 potis-

314 1047 522 1099 simum
564 1048 838 1100 attribu'at
882 1048 1194 1100 secundum
1244 1049 1449 1100 Deum.

382 1133 470 1186 Ad
516 1152 704 1201 regem
758 1152 1067 1202 nunquam,
1118 1133 1224 1187 nisi
1270 1134 1340 1187 de
1386 1134 1552 1187 rebus
1597 1134 1669 1187 ad
1715 1132 1942 1201 religio-

314 1237 443 1274 nem
496 1219 964 1290 ethnicorumque
1022 1219 1452 1274 conversionem
1517 1218 1938 1289 pertinentibus

310 1305 525 1358 litteras
566 1305 745 1369 dabis,
787 1322 920 1358 nam
961 1307 1031 1358 de
1070 1306 1291 1358 caeteris
1338 1306 1579 1374 negotiis
1619 1306 1691 1356 ad
1733 1304 1936 1356 Socios

312 1392 368 1443 in
413 1391 770 1443 Lusitaniam
814 1392 1058 1444 scribere
1102 1393 1403 1460 oportebit.

380 1479 467 1531 Ad
520 1479 861 1532 offensiones
911 1478 1209 1532 hominum
1266 1478 1548 1541 vitandaS,
1603 1476 1823 1548 collegii
1876 1485 1932 1530 et

311 1565 727 1634 neophytorum
771 1566 1068 1635 vectigalia
1116 1584 1299 1634 neque
1346 1584 1445 1633 per
1486 1574 1543 1617 te
1588 1566 1709 1633 ipse
1754 1583 1941 1633 neque

309 1670 408 1720 per
449 1651 621 1704 alium
650 1671 679 1704 e
711 1651 1015 1715 Societate,
1060 1652 1106 1705 si
1150 1652 1269 1706 fieri
1313 1652 1513 1720 possit,
1558 1653 1658 1706 sed
1701 1670 1802 1721 per
1844 1652 1940 1706 ali-

309 1757 403 1792 um
456 1739 781 1808 quempiam
835 1738 1126 1792 hominem
1180 1739 1448 1792 idoneum
1502 1739 1693 1809 exigas
1745 1738 1934 1792 velim.

312 1827 510 1895 Neque
567 1826 718 1879 enim
771 1825 894 1889 erit,
959 1826 1177 1896 opinor,
1233 1825 1456 1880 difficile
1508 1834 1939 1895 procuratorem

308 1911 552 1982 aliquem
603 1912 846 1983 reperire
898 1912 1257 1984 locupletem,
1314 1930 1385 1967 ne
1439 1920 1761 1968 nostrarum
1825 1914 1935 1968 for-

307 2006 569 2052 tunarum
624 2000 872 2069 periculo
942 2001 1279 2070 negotietur,
1335 2019 1442 2054 neu
1512 2002 1769 2055 acerbius
1822 2002 1934 2055 exi-

304 2086 489 2155 gendo
544 2103 822 2156 pauperes
872 2095 1053 2151 vexet,
1130 2105 1297 2157 quem
1360 2087 1679 2140 divinarum
1742 2106 1930 2140 rerum

305 2173 771 2227 meditationibus
810 2175 1148 2227 instructum
1190 2176 1261 2226 ad
1302 2193 1591 2226 sacrorum
1634 2176 1930 2244 mysterio-

305 2269 427 2311 rum
474 2259 986 2328 frequentationem
1039 2263 1307 2324 adducaS,
1356 2262 1519 2330 eique
1567 2263 1788 2315 muneri
1835 2281 1932 2315 vo-

306 2343 515 2398 lentem
561 2346 858 2414 praeficiaS.

380 2433 536 2486 Deus
565 2452 670 2486 nos
701 2452 803 2502 pro
831 2452 932 2487 sua
958 2433 1308 2503 benignitate
1337 2434 1648 2503 conjungat
1681 2434 1738 2487 in
1770 2435 1935 2489 coelo.

379 2578 511 2631 Dat.
558 2580 672 2631 III.
717 2580 868 2631 Non.
912 2579 1140 2649 Aprilis,
1184 2581 1345 2633 Goae.

834 2818 1411 2864 w
