2639 3798
819 424 1004 464 LIBER
1041 424 1171 462 vm.
1193 439 1266 446 —
1286 422 1582 461 EPISTOLA
1622 422 1686 460 11.
1968 418 2071 477 197

431 582 520 629 tes
553 572 667 624 fere
696 566 1029 622 domesticis
1077 565 1364 636 magistris
1406 566 1614 619 liberos
1658 584 1791 620 suos
1832 568 2070 621 tradunt

433 661 492 714 in
536 655 918 725 disciplinam.

504 743 704 796 Bonzii
760 740 1052 793 acerrimis
1109 747 1244 792 sunt
1296 740 1558 808 ingeniiS,
1614 758 1800 793 rerum
1855 741 2066 794 futura-

429 849 553 885 rum
591 828 837 881 maxime
867 845 927 879 se
958 827 1436 879 commentationi
1479 827 1724 889 dedunt;
1767 827 1903 896 quid
1931 828 2069 896 ipsis

429 917 689 970 futurum
745 914 835 976 sit,
892 931 1061 981 quern
1115 913 1228 965 sint
1282 913 1495 965 exitum
1542 911 1810 976 habituri,
1858 921 1913 965 et
1960 913 2070 965 alia

427 1002 648 1072 generis
702 1001 960 1069 ejusdem
1028 1017 1157 1053 cum
1221 1000 1429 1053 animis
1496 1000 1612 1052 suis
1680 1000 2066 1054 considerant.-

430 1089 518 1142 Ex
568 1086 770 1141 horum
840 1103 1078 1139 numero
1132 1085 1293 1140 multi
1352 1092 1534 1149 erant,
1592 1085 1688 1156 qui
1742 1086 1858 1139 suis
1910 1103 2064 1140 com-

427 1173 877 1228 mentationibus
926 1191 994 1226 eo
1043 1174 1270 1226 demum
1322 1172 1750 1236 delabebantur,
1800 1181 1860 1227 ut
1903 1182 2065 1242 puta-

426 1268 550 1314 rent
617 1261 675 1312 in
744 1259 861 1312 suis
919 1259 1231 1328 disciplinis
1283 1259 1422 1312 nihil
1490 1278 1615 1312 esse
1682 1260 1932 1329 praesidii
1986 1261 2059 1313 ad

433 1349 754 1400 animorum
809 1345 1069 1398 salutem.
1159 1346 1253 1398 Sic
1306 1347 1458 1398 enim
1512 1364 1706 1398 secum
1760 1347 2061 1398 ratiocina-

424 1436 655 1486 bantur:
718 1433 954 1484 omnino
1009 1441 1277 1501 oportere
1330 1450 1506 1484 unum
1559 1451 1748 1485 rerum
1802 1434 2061 1485 omnium

425 1537 546 1574 esse
598 1519 973 1587 principium;
1036 1520 1157 1588 ejus
1204 1519 1416 1573 nullam
1464 1520 1521 1572 in
1569 1519 1685 1573 suis
1732 1520 1887 1573 libris
1940 1520 2060 1573 fieri

426 1604 777 1659 mentionem
822 1607 985 1669 (nam
1017 1605 1086 1659 de
1127 1604 1294 1673 hujus
1334 1603 1721 1659 universitatis
1761 1603 2056 1659 molitione

423 1693 623 1745 mirum
672 1694 823 1761 apud
871 1713 1072 1745 omnes
1119 1693 1414 1746 Silentium
1461 1696 1645 1756 esse);
1706 1692 1964 1761 profecto
2011 1693 2058 1745 si

424 1781 516 1850 qui
577 1781 813 1850 hujusce
866 1781 1129 1851 principii
1184 1781 1319 1833 olim
1376 1781 1764 1850 cognitionem
1825 1797 2059 1851 accepe-

422 1869 550 1933 rint,
605 1886 721 1933 eOS,
789 1870 941 1939 quod
1010 1869 1161 1923 nulla
1227 1869 1544 1924 litterarum
1611 1868 1699 1923 vel
1752 1868 2050 1923 hominum

420 1955 762 2010 auctoritate
805 1956 1145 2010 confirmare
1189 1963 1442 2024 possent,
1488 1955 1593 2009 sibi
1638 1954 1923 2019 habuisse,
1966 1975 2053 2010 ce-

418 2039 562 2093 lasse
608 2050 888 2112 posteros.

491 2130 692 2199 Itaque
746 2131 855 2184 hoc
908 2150 1088 2200 genus
1142 2131 1437 2184 hominum
1493 2131 1685 2183 divina
1737 2131 1825 2183 lex
1880 2131 2054 2183 maxi-

418 2233 646 2285 mopere
694 2219 1034 2272 delectabat.
1114 2221 1241 2288 Quo
1288 2238 1355 2271 ex
1401 2235 1638 2270 numero
1688 2237 1835 2270 unus
1885 2217 2048 2271 Chri-

422 2309 512 2354 sto
557 2321 616 2356 se
660 2305 920 2374 adjunxit
968 2305 1324 2374 Amangucii,
1370 2305 1465 2375 qui
1509 2304 1829 2373 complures
1871 2321 2054 2357 annos

414 2388 470 2441 in
520 2391 850 2446 Banduensi
897 2393 1193 2446 academia
1238 2380 1840 2456 versatUS,³doctrinae
1867 2391 2050 2451 >laude

412 2468 668 2533 florebat.
751 2483 807 2534 Is
861 2489 994 2534 ante
1048 2489 1308 2534 nostrum
1362 2481 1418 2533 in
1470 2480 1778 2550 Japoniam
1835 2481 2044 2532 adven-

411 2572 533 2618 tum
586 2568 825 2622 bonzius
877 2570 997 2622 fieri
1050 2569 1366 2638 cogitabat;
1435 2576 1493 2621 at
1545 2575 1765 2637 postea,
1821 2575 2045 2621 mutato

413 2655 668 2719 consilio,
714 2656 873 2710 duxit
919 2675 1169 2709 uxorem.
1252 2657 1394 2725 Ejus
1437 2656 1515 2707 rei
1559 2655 1709 2707 hanc
1753 2655 1875 2723 ipse
1918 2673 2046 2708 cau-

410 2758 532 2791 sam
602 2743 890 2807 afferebat,
947 2745 1098 2813 quod
1150 2743 1495 2822 Japonicas
1506 2742 1814 2811 religiones
1876 2742 2049 2794 falsas

410 2835 583 2896 atque
627 2830 828 2882 inanes
875 2851 998 2883 esse
1046 2832 1403 2901 intelligeret,
1439 2839 1621 2912 atque
1668 2830 1882 2882 idcirco
1926 2830 2047 2881 nul-

411 2913 524 2967 lam
574 2916 654 2969 eis
701 2919 874 2971 fidem
922 2919 1174 2983 haberet,
1221 2920 1292 2972 ab
1338 2937 1397 2972 se
1441 2926 1633 2972 autem
1682 2918 1883 2971 mundi
1930 2917 2048 2987 opi-

412 3002 578 3056 ficem
624 3024 690 3058 ac
735 3007 1061 3061 molitorem
1109 3007 1217 3060 coli
1265 3015 1545 3078 oportere.
1628 3007 1818 3077 Hujus
1862 3024 2050 3059 acces-

406 3089 566 3143 sione
619 3110 756 3146 sane
821 3096 1000 3163 gavisi
1061 3103 1192 3149 sunt
1248 3094 1580 3157 Christiani,
1637 3094 1848 3164 quippe
1913 3112 2045 3146 cum

403 3181 580 3236 totius
618 3185 867 3240 civitatis
910 3187 1280 3242 doctissimus
1324 3195 1379 3241 et
1423 3193 1573 3241 esset
1617 3193 1673 3239 et
1717 3186 2041 3239 haberetur.
