<?xml version="1.0" encoding="UTF-8"?>
<!DOCTYPE html PUBLIC "-//W3C//DTD XHTML 1.0 Transitional//EN"
    "http://www.w3.org/TR/xhtml1/DTD/xhtml1-transitional.dtd">
<html xmlns="http://www.w3.org/1999/xhtml" xml:lang="en" lang="en">
 <head>
  <title>
</title>
<meta http-equiv="Content-Type" content="text/html;charset=utf-8" />
  <meta name='ocr-system' content='tesseract 3.04.00' />
  <meta name='ocr-capabilities' content='ocr_page ocr_carea ocr_par ocr_line ocrx_word'/>
</head>
<body>
  <div class='ocr_page' id='page_1' title='image "./pts_epistolae_3720-0638_v2/pts_epistolae_3720-0638_v2_0382.png"; bbox 0 0 2639 3798; ppageno 0'>
   <div class='ocr_carea' id='block_1_1' title="bbox 648 365 1868 419">
    <p class='ocr_par' dir='ltr' id='par_1_1' title="bbox 648 365 1868 419">
     <span class='ocr_line' id='line_1_1' title="bbox 648 365 1868 419; baseline 0.001 -16"><span class='ocrx_word' id='word_1_1' title='bbox 648 368 832 404; x_wconf 87' lang='lat' dir='ltr'>LIBER</span> <span class='ocrx_word' id='word_1_2' title='bbox 873 368 946 403; x_wconf 92' lang='lat' dir='ltr'>IX.</span> <span class='ocrx_word' id='word_1_3' title='bbox 969 366 1040 389; x_wconf 73' lang='lat'><strong>-—&#39;-</strong></span> <span class='ocrx_word' id='word_1_4' title='bbox 1062 366 1353 404; x_wconf 89' lang='lat' dir='ltr'>EPISTOLA</span> <span class='ocrx_word' id='word_1_5' title='bbox 1392 365 1486 404; x_wconf 80' lang='lat' dir='ltr'>V1.&#39;-</span> <span class='ocrx_word' id='word_1_6' title='bbox 1767 366 1868 419; x_wconf 78' lang='lat'>371</span> 
     </span>
    </p>
   </div>
   <div class='ocr_carea' id='block_1_2' title="bbox 182 499 1942 2724">
    <p class='ocr_par' dir='ltr' id='par_1_2' title="bbox 182 499 1875 1439">
     <span class='ocr_line' id='line_1_2' title="bbox 248 499 1867 570; baseline -0.001 -16"><span class='ocrx_word' id='word_1_7' title='bbox 248 500 535 570; x_wconf 83' lang='lat' dir='ltr'>neophyto</span> <span class='ocrx_word' id='word_1_8' title='bbox 599 499 965 569; x_wconf 86' lang='lat' dir='ltr'>egentissimo</span> <span class='ocrx_word' id='word_1_9' title='bbox 1040 499 1146 561; x_wconf 91' lang='lat' dir='ltr'>fac,</span> <span class='ocrx_word' id='word_1_10' title='bbox 1213 519 1312 551; x_wconf 91' lang='lat' dir='ltr'>oro</span> <span class='ocrx_word' id='word_1_11' title='bbox 1375 508 1432 551; x_wconf 87' lang='lat' dir='ltr'>te</span> <span class='ocrx_word' id='word_1_12' title='bbox 1495 519 1595 566; x_wconf 94' lang='lat' dir='ltr'>per</span> <span class='ocrx_word' id='word_1_13' title='bbox 1662 501 1867 562; x_wconf 91' lang='lat' dir='ltr'>Deum,</span> 
     </span>
     <span class='ocr_line' id='line_1_3' title="bbox 245 581 1868 657; baseline 0 -15"><span class='ocrx_word' id='word_1_14' title='bbox 245 605 505 656; x_wconf 87' lang='lat' dir='ltr'>corroges</span> <span class='ocrx_word' id='word_1_15' title='bbox 557 588 817 642; x_wconf 85' lang='lat' dir='ltr'>alicunde</span> <span class='ocrx_word' id='word_1_16' title='bbox 869 588 1244 657; x_wconf 80' lang='lat' dir='ltr'>eleemosynae</span> <span class='ocrx_word' id='word_1_17' title='bbox 1294 587 1528 641; x_wconf 88' lang='lat' dir='ltr'>nomine</span> <span class='ocrx_word' id='word_1_18' title='bbox 1583 581 1868 642; x_wconf 87' lang='lat' dir='ltr'>summam</span> 
     </span>
     <span class='ocr_line' id='line_1_4' title="bbox 244 673 1869 743; baseline 0 -15"><span class='ocrx_word' id='word_1_19' title='bbox 244 675 476 743; x_wconf 91' lang='lat' dir='ltr'>triginta</span> <span class='ocrx_word' id='word_1_20' title='bbox 546 674 769 726; x_wconf 82' lang='lat' dir='ltr'>circiter</span> <span class='ocrx_word' id='word_1_21' title='bbox 838 675 1179 743; x_wconf 76' lang='lat' dir='ltr'>pardaorum,</span> <span class='ocrx_word' id='word_1_22' title='bbox 1259 673 1408 726; x_wconf 91' lang='lat' dir='ltr'>unde</span> <span class='ocrx_word' id='word_1_23' title='bbox 1479 673 1682 741; x_wconf 87' lang='lat' dir='ltr'>jubeas</span> <span class='ocrx_word' id='word_1_24' title='bbox 1759 674 1869 728; x_wconf 90' lang='lat' dir='ltr'>emi</span> 
     </span>
     <span class='ocr_line' id='line_1_5' title="bbox 245 758 1867 831; baseline -0.002 -16"><span class='ocrx_word' id='word_1_25' title='bbox 245 761 518 816; x_wconf 88' lang='lat' dir='ltr'>arbitratu</span> <span class='ocrx_word' id='word_1_26' title='bbox 590 761 711 831; x_wconf 89' lang='lat' dir='ltr'>ejus</span> <span class='ocrx_word' id='word_1_27' title='bbox 781 761 1001 831; x_wconf 83' lang='lat' dir='ltr'>ipsique</span> <span class='ocrx_word' id='word_1_28' title='bbox 1072 759 1271 813; x_wconf 91' lang='lat' dir='ltr'>donari</span> <span class='ocrx_word' id='word_1_29' title='bbox 1345 778 1561 812; x_wconf 83' lang='lat' dir='ltr'>merces</span> <span class='ocrx_word' id='word_1_30' title='bbox 1632 758 1867 830; x_wconf 87' lang='lat' dir='ltr'>aliquas,</span> 
     </span>
     <span class='ocr_line' id='line_1_6' title="bbox 247 847 1870 915; baseline 0 -15"><span class='ocrx_word' id='word_1_31' title='bbox 247 868 312 900; x_wconf 91' lang='lat' dir='ltr'>ex</span> <span class='ocrx_word' id='word_1_32' title='bbox 366 847 434 899; x_wconf 88' lang='lat' dir='ltr'>iis</span> <span class='ocrx_word' id='word_1_33' title='bbox 486 866 628 915; x_wconf 90' lang='lat' dir='ltr'>quas</span> <span class='ocrx_word' id='word_1_34' title='bbox 681 848 803 915; x_wconf 89' lang='lat' dir='ltr'>ipse</span> <span class='ocrx_word' id='word_1_35' title='bbox 855 848 1011 900; x_wconf 90' lang='lat' dir='ltr'>novit</span> <span class='ocrx_word' id='word_1_36' title='bbox 1065 847 1228 900; x_wconf 89' lang='lat' dir='ltr'>facile</span> <span class='ocrx_word' id='word_1_37' title='bbox 1289 864 1355 899; x_wconf 90' lang='lat' dir='ltr'>ac</span> <span class='ocrx_word' id='word_1_38' title='bbox 1409 864 1524 899; x_wconf 94' lang='lat' dir='ltr'>non</span> <span class='ocrx_word' id='word_1_39' title='bbox 1577 864 1752 914; x_wconf 91' lang='lat' dir='ltr'>parvo</span> <span class='ocrx_word' id='word_1_40' title='bbox 1813 847 1870 900; x_wconf 92' lang='lat' dir='ltr'>in</span> 
     </span>
     <span class='ocr_line' id='line_1_7' title="bbox 246 931 1871 1006; baseline -0.001 -20"><span class='ocrx_word' id='word_1_41' title='bbox 246 934 490 1006; x_wconf 88' lang='lat' dir='ltr'>Japonia</span> <span class='ocrx_word' id='word_1_42' title='bbox 543 934 782 986; x_wconf 82' lang='lat' dir='ltr'>distrahi</span> <span class='ocrx_word' id='word_1_43' title='bbox 841 933 1036 986; x_wconf 87' lang='lat' dir='ltr'>solere.</span> <span class='ocrx_word' id='word_1_44' title='bbox 1117 934 1206 984; x_wconf 92' lang='lat' dir='ltr'>Ex</span> <span class='ocrx_word' id='word_1_45' title='bbox 1269 931 1368 984; x_wconf 90' lang='lat' dir='ltr'>tali</span> <span class='ocrx_word' id='word_1_46' title='bbox 1434 931 1586 984; x_wconf 89' lang='lat' dir='ltr'>enim</span> <span class='ocrx_word' id='word_1_47' title='bbox 1652 931 1871 1001; x_wconf 88' lang='lat' dir='ltr'>peculio</span> 
     </span>
     <span class='ocr_line' id='line_1_8' title="bbox 247 1022 1871 1090; baseline -0.001 -15"><span class='ocrx_word' id='word_1_48' title='bbox 247 1022 452 1075; x_wconf 91' lang='lat' dir='ltr'>habere</span> <span class='ocrx_word' id='word_1_49' title='bbox 509 1022 719 1089; x_wconf 90' lang='lat' dir='ltr'>poterit</span> <span class='ocrx_word' id='word_1_50' title='bbox 776 1029 1103 1090; x_wconf 89' lang='lat' dir='ltr'>utcumque,</span> <span class='ocrx_word' id='word_1_51' title='bbox 1167 1022 1317 1073; x_wconf 91' lang='lat' dir='ltr'>unde</span> <span class='ocrx_word' id='word_1_52' title='bbox 1376 1022 1730 1074; x_wconf 88' lang='lat' dir='ltr'>contendens</span> <span class='ocrx_word' id='word_1_53' title='bbox 1787 1040 1871 1074; x_wconf 87' lang='lat' dir='ltr'>sa-</span> 
     </span>
     <span class='ocr_line' id='line_1_9' title="bbox 248 1106 1874 1178; baseline 0.001 -18"><span class='ocrx_word' id='word_1_54' title='bbox 248 1117 563 1178; x_wconf 71' lang='lat' dir='ltr'>tagensque¹</span> <span class='ocrx_word' id='word_1_55' title='bbox 608 1108 665 1159; x_wconf 93' lang='lat' dir='ltr'>in</span> <span class='ocrx_word' id='word_1_56' title='bbox 711 1107 895 1177; x_wconf 91' lang='lat' dir='ltr'>patria</span> <span class='ocrx_word' id='word_1_57' title='bbox 939 1106 1178 1159; x_wconf 86' lang='lat' dir='ltr'>victitet.</span> <span class='ocrx_word' id='word_1_58' title='bbox 1263 1107 1452 1175; x_wconf 91' lang='lat' dir='ltr'>Hujus</span> <span class='ocrx_word' id='word_1_59' title='bbox 1498 1106 1575 1159; x_wconf 91' lang='lat' dir='ltr'>rei</span> <span class='ocrx_word' id='word_1_60' title='bbox 1623 1107 1874 1175; x_wconf 89' lang='lat' dir='ltr'>oportuit</span> 
     </span>
     <span class='ocr_line' id='line_1_10' title="bbox 250 1194 1872 1264; baseline -0.002 -16"><span class='ocrx_word' id='word_1_61' title='bbox 250 1213 336 1248; x_wconf 90' lang='lat' dir='ltr'>me</span> <span class='ocrx_word' id='word_1_62' title='bbox 389 1195 464 1248; x_wconf 92' lang='lat' dir='ltr'>illi</span> <span class='ocrx_word' id='word_1_63' title='bbox 518 1213 677 1264; x_wconf 88' lang='lat' dir='ltr'>spem</span> <span class='ocrx_word' id='word_1_64' title='bbox 731 1195 933 1259; x_wconf 87' lang='lat' dir='ltr'>facere,</span> <span class='ocrx_word' id='word_1_65' title='bbox 988 1203 1049 1248; x_wconf 93' lang='lat' dir='ltr'>ut</span> <span class='ocrx_word' id='word_1_66' title='bbox 1102 1212 1231 1247; x_wconf 90' lang='lat' dir='ltr'>eum</span> <span class='ocrx_word' id='word_1_67' title='bbox 1286 1194 1613 1246; x_wconf 88' lang='lat' dir='ltr'>inducerem</span> <span class='ocrx_word' id='word_1_68' title='bbox 1667 1194 1738 1245; x_wconf 91' lang='lat' dir='ltr'>ad</span> <span class='ocrx_word' id='word_1_69' title='bbox 1792 1212 1872 1246; x_wconf 89' lang='lat' dir='ltr'>re-</span> 
     </span>
     <span class='ocr_line' id='line_1_11' title="bbox 248 1281 1875 1352; baseline 0.001 -18"><span class='ocrx_word' id='word_1_70' title='bbox 248 1282 556 1352; x_wconf 86' lang='lat' dir='ltr'>petendum</span> <span class='ocrx_word' id='word_1_71' title='bbox 630 1281 818 1335; x_wconf 85' lang='lat' dir='ltr'>natale</span> <span class='ocrx_word' id='word_1_72' title='bbox 889 1281 1090 1345; x_wconf 86' lang='lat' dir='ltr'>solum,</span> <span class='ocrx_word' id='word_1_73' title='bbox 1170 1282 1320 1335; x_wconf 91' lang='lat' dir='ltr'>unde</span> <span class='ocrx_word' id='word_1_74' title='bbox 1396 1281 1552 1335; x_wconf 90' lang='lat' dir='ltr'>illum</span> <span class='ocrx_word' id='word_1_75' title='bbox 1624 1289 1875 1336; x_wconf 87' lang='lat' dir='ltr'>extrema</span> 
     </span>
     <span class='ocr_line' id='line_1_12' title="bbox 182 1371 753 1439; baseline -0.002 -16"><span class='ocrx_word' id='word_1_76' title='bbox 182 1405 184 1408; x_wconf 33' lang='lat' dir='ltr'>v</span> <span class='ocrx_word' id='word_1_77' title='bbox 251 1371 442 1439; x_wconf 90' lang='lat' dir='ltr'>inopia</span> <span class='ocrx_word' id='word_1_78' title='bbox 498 1372 753 1424; x_wconf 85' lang='lat' dir='ltr'>extrusit.</span> 
     </span>
    </p>

    <p class='ocr_par' dir='ltr' id='par_1_3' title="bbox 217 1455 1942 2381">
     <span class='ocr_line' id='line_1_13' title="bbox 322 1455 1875 1524; baseline 0.001 -15"><span class='ocrx_word' id='word_1_79' title='bbox 322 1457 450 1524; x_wconf 75' lang='lat' dir='ltr'>Quo</span> <span class='ocrx_word' id='word_1_80' title='bbox 504 1464 695 1510; x_wconf 87' lang='lat' dir='ltr'>autem</span> <span class='ocrx_word' id='word_1_81' title='bbox 749 1456 1006 1509; x_wconf 83' lang='lat' dir='ltr'>alacriori</span> <span class='ocrx_word' id='word_1_82' title='bbox 1060 1456 1132 1509; x_wconf 90' lang='lat' dir='ltr'>sit</span> <span class='ocrx_word' id='word_1_83' title='bbox 1186 1455 1379 1509; x_wconf 88' lang='lat' dir='ltr'>animo</span> <span class='ocrx_word' id='word_1_84' title='bbox 1431 1457 1504 1509; x_wconf 90' lang='lat' dir='ltr'>ad</span> <span class='ocrx_word' id='word_1_85' title='bbox 1551 1457 1695 1509; x_wconf 93' lang='lat' dir='ltr'>bene</span> <span class='ocrx_word' id='word_1_86' title='bbox 1742 1457 1875 1510; x_wconf 89' lang='lat' dir='ltr'>fide-</span> 
     </span>
     <span class='ocr_line' id='line_1_14' title="bbox 250 1541 1879 1613; baseline 0 -17"><span class='ocrx_word' id='word_1_87' title='bbox 250 1544 486 1613; x_wconf 91' lang='lat' dir='ltr'>literque</span> <span class='ocrx_word' id='word_1_88' title='bbox 539 1543 980 1597; x_wconf 89' lang='lat' dir='ltr'>ministrandum</span> <span class='ocrx_word' id='word_1_89' title='bbox 1033 1541 1083 1595; x_wconf 94' lang='lat' dir='ltr'>ei</span> <span class='ocrx_word' id='word_1_90' title='bbox 1137 1562 1166 1595; x_wconf 95' lang='lat' dir='ltr'>e</span> <span class='ocrx_word' id='word_1_91' title='bbox 1212 1541 1422 1596; x_wconf 86' lang='lat' dir='ltr'>nostris</span> <span class='ocrx_word' id='word_1_92' title='bbox 1475 1541 1572 1612; x_wconf 92' lang='lat' dir='ltr'>qui</span> <span class='ocrx_word' id='word_1_93' title='bbox 1623 1541 1879 1612; x_wconf 87' lang='lat' dir='ltr'>proxime</span> 
     </span>
     <span class='ocr_line' id='line_1_15' title="bbox 251 1629 1878 1702; baseline 0.001 -20"><span class='ocrx_word' id='word_1_94' title='bbox 251 1631 427 1683; x_wconf 89' lang='lat' dir='ltr'>iturus</span> <span class='ocrx_word' id='word_1_95' title='bbox 492 1631 549 1682; x_wconf 91' lang='lat' dir='ltr'>in</span> <span class='ocrx_word' id='word_1_96' title='bbox 606 1633 890 1702; x_wconf 91' lang='lat' dir='ltr'>Japonem</span> <span class='ocrx_word' id='word_1_97' title='bbox 948 1638 1052 1692; x_wconf 91' lang='lat' dir='ltr'>est,</span> <span class='ocrx_word' id='word_1_98' title='bbox 1116 1629 1497 1682; x_wconf 88' lang='lat' dir='ltr'>necessarium</span> <span class='ocrx_word' id='word_1_99' title='bbox 1549 1648 1759 1683; x_wconf 86' lang='lat' dir='ltr'>censeo</span> <span class='ocrx_word' id='word_1_100' title='bbox 1817 1637 1878 1683; x_wconf 92' lang='lat' dir='ltr'>ut</span> 
     </span>
     <span class='ocr_line' id='line_1_16' title="bbox 251 1715 1881 1786; baseline -0.001 -17"><span class='ocrx_word' id='word_1_101' title='bbox 251 1724 629 1785; x_wconf 86' lang='lat' dir='ltr'>praeterquam</span> <span class='ocrx_word' id='word_1_102' title='bbox 694 1735 821 1769; x_wconf 89' lang='lat' dir='ltr'>eam</span> <span class='ocrx_word' id='word_1_103' title='bbox 886 1733 1057 1785; x_wconf 90' lang='lat' dir='ltr'>quam</span> <span class='ocrx_word' id='word_1_104' title='bbox 1122 1716 1234 1768; x_wconf 85' lang='lat' dir='ltr'>dixi</span> <span class='ocrx_word' id='word_1_105' title='bbox 1291 1716 1711 1786; x_wconf 82' lang='lat' dir='ltr'>eleemosynam</span> <span class='ocrx_word' id='word_1_106' title='bbox 1773 1715 1881 1785; x_wconf 91' lang='lat' dir='ltr'>ipsi</span> 
     </span>
     <span class='ocr_line' id='line_1_17' title="bbox 217 1796 1878 1871; baseline 0 -16"><span class='ocrx_word' id='word_1_107' title='bbox 217 1820 280 1854; x_wconf 70' lang='lat' dir='ltr'>‚a</span> <span class='ocrx_word' id='word_1_108' title='bbox 331 1803 624 1855; x_wconf 75' lang='lat' dir='ltr'>Sodalitate</span> <span class='ocrx_word' id='word_1_109' title='bbox 674 1796 1070 1865; x_wconf 61' lang='lat' dir='ltr'>Misericordiae,</span> <span class='ocrx_word' id='word_1_110' title='bbox 1129 1810 1226 1855; x_wconf 86' lang='lat' dir='ltr'>aut</span> <span class='ocrx_word' id='word_1_111' title='bbox 1279 1802 1468 1871; x_wconf 91' lang='lat' dir='ltr'>aliquo</span> <span class='ocrx_word' id='word_1_112' title='bbox 1520 1803 1650 1856; x_wconf 89' lang='lat' dir='ltr'>istic</span> <span class='ocrx_word' id='word_1_113' title='bbox 1702 1803 1878 1856; x_wconf 91' lang='lat' dir='ltr'>divite</span> 
     </span>
     <span class='ocr_line' id='line_1_18' title="bbox 246 1889 1871 1959; baseline 0.001 -18"><span class='ocrx_word' id='word_1_114' title='bbox 246 1908 277 1941; x_wconf 87' lang='lat' dir='ltr'>a</span> <span class='ocrx_word' id='word_1_115' title='bbox 326 1890 491 1941; x_wconf 86' lang='lat' dir='ltr'>bonis</span> <span class='ocrx_word' id='word_1_116' title='bbox 544 1889 809 1959; x_wconf 87' lang='lat' dir='ltr'>operibus</span> <span class='ocrx_word' id='word_1_117' title='bbox 864 1908 978 1941; x_wconf 91' lang='lat' dir='ltr'>non</span> <span class='ocrx_word' id='word_1_118' title='bbox 1026 1889 1233 1951; x_wconf 90' lang='lat' dir='ltr'>alien0‚</span> <span class='ocrx_word' id='word_1_119' title='bbox 1287 1889 1641 1958; x_wconf 86' lang='lat' dir='ltr'>largiendam</span> <span class='ocrx_word' id='word_1_120' title='bbox 1691 1908 1871 1952; x_wconf 83' lang='lat' dir='ltr'>cureS,</span> 
     </span>
     <span class='ocr_line' id='line_1_19' title="bbox 250 1975 1873 2051; baseline -0.001 -22"><span class='ocrx_word' id='word_1_121' title='bbox 250 1975 419 2029; x_wconf 90' lang='lat' dir='ltr'>etiam</span> <span class='ocrx_word' id='word_1_122' title='bbox 458 1993 587 2029; x_wconf 91' lang='lat' dir='ltr'>eum</span> <span class='ocrx_word' id='word_1_123' title='bbox 625 1983 777 2030; x_wconf 91' lang='lat' dir='ltr'>tecto</span> <span class='ocrx_word' id='word_1_124' title='bbox 821 1977 1085 2045; x_wconf 79' lang='lat' dir='ltr'>excipiaS,</span> <span class='ocrx_word' id='word_1_125' title='bbox 1129 1977 1377 2046; x_wconf 91' lang='lat' dir='ltr'>alasque,</span> <span class='ocrx_word' id='word_1_126' title='bbox 1417 1994 1483 2029; x_wconf 89' lang='lat' dir='ltr'>ac</span> <span class='ocrx_word' id='word_1_127' title='bbox 1524 1977 1711 2051; x_wconf 78' lang='lat' dir='ltr'>multa</span> <span class='ocrx_word' id='word_1_128' title='bbox 1742 1977 1873 2029; x_wconf 87' lang='lat' dir='ltr'>cha-</span> 
     </span>
     <span class='ocr_line' id='line_1_20' title="bbox 247 2062 1871 2132; baseline 0.002 -17"><span class='ocrx_word' id='word_1_129' title='bbox 247 2062 410 2117; x_wconf 85' lang='lat' dir='ltr'>ritate</span> <span class='ocrx_word' id='word_1_130' title='bbox 449 2062 724 2117; x_wconf 81' lang='lat' dir='ltr'>Societati</span> <span class='ocrx_word' id='word_1_131' title='bbox 762 2063 1069 2118; x_wconf 88' lang='lat' dir='ltr'>devincias.</span> <span class='ocrx_word' id='word_1_132' title='bbox 1145 2064 1274 2117; x_wconf 96' lang='lat' dir='ltr'>Hoc</span> <span class='ocrx_word' id='word_1_133' title='bbox 1312 2063 1443 2132; x_wconf 89' lang='lat' dir='ltr'>quia</span> <span class='ocrx_word' id='word_1_134' title='bbox 1479 2063 1619 2118; x_wconf 87' lang='lat' dir='ltr'>satis</span> <span class='ocrx_word' id='word_1_135' title='bbox 1659 2081 1727 2118; x_wconf 90' lang='lat' dir='ltr'>ex</span> <span class='ocrx_word' id='word_1_136' title='bbox 1766 2062 1871 2128; x_wconf 88' lang='lat' dir='ltr'>his,</span> 
     </span>
     <span class='ocr_line' id='line_1_21' title="bbox 248 2150 1934 2221; baseline -0.003 -17"><span class='ocrx_word' id='word_1_137' title='bbox 248 2158 304 2205; x_wconf 91' lang='lat' dir='ltr'>ut</span> <span class='ocrx_word' id='word_1_138' title='bbox 333 2169 515 2221; x_wconf 82' lang='lat' dir='ltr'>spem,</span> <span class='ocrx_word' id='word_1_139' title='bbox 545 2152 704 2205; x_wconf 91' lang='lat' dir='ltr'>vides</span> <span class='ocrx_word' id='word_1_140' title='bbox 732 2170 908 2221; x_wconf 78' lang='lat' dir='ltr'>quam·</span> <span class='ocrx_word' id='word_1_141' title='bbox 932 2170 1184 2221; x_wconf 85' lang='lat' dir='ltr'>aequum,</span> <span class='ocrx_word' id='word_1_142' title='bbox 1224 2170 1510 2221; x_wconf 90' lang='lat' dir='ltr'>quamque</span> <span class='ocrx_word' id='word_1_143' title='bbox 1548 2150 1686 2203; x_wconf 92' lang='lat' dir='ltr'>mihi</span> <span class='ocrx_word' id='word_1_144' title='bbox 1714 2150 1873 2205; x_wconf 92' lang='lat' dir='ltr'>cordi</span> <span class='ocrx_word' id='word_1_145' title='bbox 1931 2197 1934 2199; x_wconf 16' lang='grc' dir='ltr'><strong>Α</strong></span> 
     </span>
     <span class='ocr_line' id='line_1_22' title="bbox 249 2238 1942 2308; baseline 0.001 -17"><span class='ocrx_word' id='word_1_146' title='bbox 249 2238 335 2303; x_wconf 88' lang='lat' dir='ltr'>sit,</span> <span class='ocrx_word' id='word_1_147' title='bbox 381 2256 496 2292; x_wconf 91' lang='lat' dir='ltr'>non</span> <span class='ocrx_word' id='word_1_148' title='bbox 539 2240 958 2293; x_wconf 91' lang='lat' dir='ltr'>commendabo</span> <span class='ocrx_word' id='word_1_149' title='bbox 1004 2240 1108 2292; x_wconf 90' lang='lat' dir='ltr'>tibi</span> <span class='ocrx_word' id='word_1_150' title='bbox 1157 2239 1429 2308; x_wconf 81' lang='lat' dir='ltr'>pluribUS,</span> <span class='ocrx_word' id='word_1_151' title='bbox 1478 2240 1773 2293; x_wconf 86' lang='lat' dir='ltr'>confidens</span> <span class='ocrx_word' id='word_1_152' title='bbox 1802 2248 1876 2293; x_wconf 82' lang='lat' dir='ltr'>te</span> <span class='ocrx_word' id='word_1_153' title='bbox 1939 2239 1942 2241; x_wconf 74' lang='grc'><strong>’</strong></span> 
     </span>
     <span class='ocr_line' id='line_1_23' title="bbox 250 2324 909 2381; baseline 0.003 -4"><span class='ocrx_word' id='word_1_154' title='bbox 250 2324 301 2379; x_wconf 93' lang='lat' dir='ltr'>id</span> <span class='ocrx_word' id='word_1_155' title='bbox 355 2326 551 2381; x_wconf 92' lang='lat' dir='ltr'>sedulo</span> <span class='ocrx_word' id='word_1_156' title='bbox 606 2325 909 2381; x_wconf 91' lang='lat' dir='ltr'>facturum.</span> 
     </span>
    </p>

    <p class='ocr_par' dir='ltr' id='par_1_4' title="bbox 251 2412 1873 2567">
     <span class='ocr_line' id='line_1_24' title="bbox 320 2412 1873 2483; baseline 0.003 -19"><span class='ocrx_word' id='word_1_157' title='bbox 320 2413 476 2465; x_wconf 85' lang='lat' dir='ltr'>Deus</span> <span class='ocrx_word' id='word_1_158' title='bbox 531 2412 814 2466; x_wconf 91' lang='lat' dir='ltr'>Dominus</span> <span class='ocrx_word' id='word_1_159' title='bbox 867 2420 1062 2466; x_wconf 89' lang='lat' dir='ltr'>noster</span> <span class='ocrx_word' id='word_1_160' title='bbox 1114 2429 1217 2466; x_wconf 91' lang='lat' dir='ltr'>nos</span> <span class='ocrx_word' id='word_1_161' title='bbox 1276 2413 1330 2465; x_wconf 92' lang='lat' dir='ltr'>in</span> <span class='ocrx_word' id='word_1_162' title='bbox 1389 2413 1642 2467; x_wconf 88' lang='lat' dir='ltr'>Paradisi</span> <span class='ocrx_word' id='word_1_163' title='bbox 1696 2413 1873 2483; x_wconf 86' lang='lat' dir='ltr'>gloria</span> 
     </span>
     <span class='ocr_line' id='line_1_25' title="bbox 251 2499 575 2567; baseline 0.006 -17"><span class='ocrx_word' id='word_1_164' title='bbox 251 2499 575 2567; x_wconf 89' lang='lat' dir='ltr'>conjungat.</span> 
     </span>
    </p>

    <p class='ocr_par' dir='ltr' id='par_1_5' title="bbox 251 2583 1869 2724">
     <span class='ocr_line' id='line_1_26' title="bbox 320 2583 1869 2654; baseline 0.003 -19"><span class='ocrx_word' id='word_1_165' title='bbox 320 2585 408 2636; x_wconf 90' lang='lat' dir='ltr'>Ex</span> <span class='ocrx_word' id='word_1_166' title='bbox 466 2583 610 2637; x_wconf 91' lang='lat' dir='ltr'>freto</span> <span class='ocrx_word' id='word_1_167' title='bbox 664 2584 1057 2653; x_wconf 89' lang='lat' dir='ltr'>Sincapurano</span> <span class='ocrx_word' id='word_1_168' title='bbox 1109 2586 1214 2637; x_wconf 89' lang='lat' dir='ltr'>XI.</span> <span class='ocrx_word' id='word_1_169' title='bbox 1277 2585 1399 2637; x_wconf 90' lang='lat' dir='ltr'>Kal.</span> <span class='ocrx_word' id='word_1_170' title='bbox 1464 2587 1702 2654; x_wconf 89' lang='lat' dir='ltr'>Augusti</span> <span class='ocrx_word' id='word_1_171' title='bbox 1759 2588 1869 2640; x_wconf 91' lang='lat' dir='ltr'>An-</span> 
     </span>
     <span class='ocr_line' id='line_1_27' title="bbox 251 2673 640 2724; baseline 0.008 -4"><span class='ocrx_word' id='word_1_172' title='bbox 251 2686 321 2722; x_wconf 93' lang='lat' dir='ltr'>no</span> <span class='ocrx_word' id='word_1_173' title='bbox 380 2673 640 2724; x_wconf 91' lang='lat' dir='ltr'><strong>MDLII.</strong></span> 
     </span>
    </p>
   </div>
   <div class='ocr_carea' id='block_1_3' title="bbox 247 2827 1867 3167">
    <p class='ocr_par' dir='ltr' id='par_1_6' title="bbox 247 2827 1867 3167">
     <span class='ocr_line' id='line_1_28' title="bbox 319 2827 1867 2908; baseline 0.002 -18"><span class='ocrx_word' id='word_1_174' title='bbox 319 2836 592 2905; x_wconf 88' lang='lat' dir='ltr'>Magister</span> <span class='ocrx_word' id='word_1_175' title='bbox 635 2839 876 2905; x_wconf 87' lang='lat' dir='ltr'>Gaspar,</span> <span class='ocrx_word' id='word_1_176' title='bbox 925 2855 1096 2905; x_wconf 88' lang='lat' dir='ltr'>quam</span> <span class='ocrx_word' id='word_1_177' title='bbox 1143 2838 1443 2906; x_wconf 90' lang='lat' dir='ltr'>pecuniam</span> <span class='ocrx_word' id='word_1_178' title='bbox 1492 2827 1867 2908; x_wconf 71' lang='lat' dir='ltr'>eleemosynae</span> 
     </span>
     <span class='ocr_line' id='line_1_29' title="bbox 247 2917 1864 2994; baseline 0.003 -21"><span class='ocrx_word' id='word_1_179' title='bbox 247 2925 472 2976; x_wconf 90' lang='lat' dir='ltr'>nomine</span> <span class='ocrx_word' id='word_1_180' title='bbox 536 2933 893 2993; x_wconf 90' lang='lat' dir='ltr'>corrogatam</span> <span class='ocrx_word' id='word_1_181' title='bbox 961 2917 1234 2976; x_wconf 87' lang='lat' dir='ltr'>missurus</span> <span class='ocrx_word' id='word_1_182' title='bbox 1297 2923 1354 2976; x_wconf 90' lang='lat' dir='ltr'>in</span> <span class='ocrx_word' id='word_1_183' title='bbox 1416 2924 1725 2994; x_wconf 89' lang='lat' dir='ltr'>Japoniam</span> <span class='ocrx_word' id='word_1_184' title='bbox 1786 2945 1864 2989; x_wconf 86' lang='lat' dir='ltr'>es,</span> 
     </span>
     <span class='ocr_line' id='line_1_30' title="bbox 247 3011 1864 3078; baseline 0.002 -18"><span class='ocrx_word' id='word_1_185' title='bbox 247 3011 675 3078; x_wconf 89' lang='lat' dir='ltr'>expendendam</span> <span class='ocrx_word' id='word_1_186' title='bbox 740 3011 851 3064; x_wconf 91' lang='lat' dir='ltr'>illic</span> <span class='ocrx_word' id='word_1_187' title='bbox 916 3012 973 3063; x_wconf 91' lang='lat' dir='ltr'>in</span> <span class='ocrx_word' id='word_1_188' title='bbox 1038 3029 1201 3063; x_wconf 91' lang='lat' dir='ltr'>usum</span> <span class='ocrx_word' id='word_1_189' title='bbox 1266 3019 1590 3063; x_wconf 91' lang='lat' dir='ltr'>nostrorum</span> <span class='ocrx_word' id='word_1_190' title='bbox 1657 3031 1864 3064; x_wconf 89' lang='lat' dir='ltr'>novam</span> 
     </span>
     <span class='ocr_line' id='line_1_31' title="bbox 247 3091 1861 3167; baseline 0.004 -22"><span class='ocrx_word' id='word_1_191' title='bbox 247 3091 390 3149; x_wconf 85' lang='lat' dir='ltr'>illam</span> <span class='ocrx_word' id='word_1_192' title='bbox 455 3096 668 3151; x_wconf 88' lang='lat' dir='ltr'>Christi</span> <span class='ocrx_word' id='word_1_193' title='bbox 732 3097 957 3150; x_wconf 90' lang='lat' dir='ltr'>vineam</span> <span class='ocrx_word' id='word_1_194' title='bbox 1023 3097 1349 3160; x_wconf 91' lang='lat' dir='ltr'>colentium,</span> <span class='ocrx_word' id='word_1_195' title='bbox 1413 3115 1621 3152; x_wconf 90' lang='lat' dir='ltr'>censeo</span> <span class='ocrx_word' id='word_1_196' title='bbox 1686 3099 1861 3167; x_wconf 86' lang='lat' dir='ltr'>redigi</span> 
     </span>
    </p>
   </div>
   <div class='ocr_carea' id='block_1_4' title="bbox 0 0 2639 3798">
    <p class='ocr_par' dir='ltr' id='par_1_7' title="bbox 0 0 2639 3798">
     <span class='ocr_line' id='line_1_32' title="bbox 0 0 2639 3798; baseline 0 0"><span class='ocrx_word' id='word_1_197' title='bbox 0 0 2639 3798; x_wconf 95' lang='lat' dir='ltr'> </span> 
     </span>
    </p>
   </div>
  </div>
 </body>
</html>
