2639 3798
670 378 852 418 LIBER
889 380 1015 418 VIII.
1039 393 1110 400 -
1130 379 1422 418 EPISTOLA
1460 378 1597 416 XXII.
1847 379 1951 432 327

323 520 582 582 respectu
609 513 936 566 offensionis
969 512 1098 581 angi
1126 512 1215 565 vel
1249 512 1567 566 minimum.
1649 513 1770 565 Nec
1799 530 1951 565 com-

323 600 516 655 mittas
560 607 620 653 ut
662 599 1103 653 teneritudinem
1147 598 1204 651 in
1247 607 1303 652 te
1348 598 1517 652 ullam
1562 598 1951 653 formidinem·

324 704 432 757 que
484 704 840 740 susurrorum
894 686 1317 755 introspiciant3
1372 704 1505 738 nam
1558 686 1667 740 hoc
1720 687 1951 756 quidem

321 782 376 826 te
427 791 461 824 a
513 773 727 826 mundo
785 772 936 825 haud
994 772 1133 824 satis
1198 771 1445 824 alienum
1510 772 1947 836 demonstraret,

321 859 480 929 quasi
513 859 1018 912 deliberabundum
1060 858 1202 920 eine,
1233 877 1306 909 an
1341 857 1590 921 Christo,
1632 858 1723 911 cui
1762 877 1947 912 sacra·

322 951 516 999 mento
559 944 767 1008 dixisti,
814 944 1035 1013 placere
1078 962 1144 997 ac
1186 944 1411 1013 probari
1458 944 1648 1013 potius
1696 962 1947 1011 censeam,

321 1029 470 1099 quod
517 1028 814 1098 transfugii
867 1029 939 1084 sit
992 1029 1230 1084 instara
1262 1047 1423 1083 sacra
1475 1030 1694 1094 militia,
1742 1038 1798 1084 et
1850 1031 1946 1084 fla-

321 1116 525 1186 gitiosa
567 1115 810 1169 defectio
852 1135 885 1169 a
927 1115 1221 1185 proposito
1262 1114 1627 1184 perfectionis
1672 1115 1946 1171 irrevoca-

324 1201 511 1256 biliter
552 1203 858 1257 sectandae.

396 1288 463 1340 In
507 1306 643 1341 cura
687 1288 1047 1342 alumnorum
1094 1288 1398 1351 seminarii,
1448 1289 1602 1357 quod
1648 1297 1875 1343 constat
1918 1308 1949 1343 e

319 1374 444 1428 filiis
496 1374 891 1445 indigenarum
945 1383 999 1428 et
1053 1374 1340 1444 orphanis,
1396 1392 1681 1428 summam
1740 1374 1947 1429 adhibe

320 1462 690 1531 diligentiam,
739 1481 810 1516 ne
855 1462 1167 1532 quidquam
1220 1461 1357 1531 ipsis
1402 1463 1474 1515 ad
1522 1462 1736 1516 victum
1781 1460 1950 1516 vesti-

319 1558 572 1619 tumque,
617 1550 690 1602 ad
734 1549 1154 1602 medicamenta
1199 1566 1329 1602 cum
1377 1549 1591 1603 morbis
1637 1556 1949 1614 tentantur,

320 1636 482 1689 desit.
563 1638 802 1690 Provide
846 1637 934 1688 vel
979 1636 1037 1687 in
1083 1636 1280 1705 primis
1332 1636 1569 1689 sollicite
1616 1646 1678 1689 ut
1724 1637 1952 1691 assidue

320 1730 695 1793 accurateque
747 1723 1095 1786 erudiantur,
1150 1739 1279 1776 cum
1326 1722 1382 1775 in
1430 1721 1759 1777 christianae
1813 1722 1953 1793 legis

323 1807 618 1863 elementis
681 1818 804 1864 tum
863 1809 920 1862 in
977 1808 1197 1872 litteris,
1257 1827 1359 1877 pro
1416 1809 1692 1879 cujusque
1763 1817 1952 1878 captu.

394 1896 601 1964 Cogita
652 1898 761 1950 hoc
813 1904 1102 1965 spectasse
1155 1896 1278 1948 illos
1331 1896 1426 1965 qui
1479 1896 1588 1949 hoc
1652 1896 1951 1967 collegium

320 1982 466 2053 regis
505 1983 769 2038 censibus
796 1982 1122 2046 fundarunt,
1152 1981 1261 2036 hoc
1290 1981 1475 2052 ipsum
1514 1982 1720 2037 deinde
1760 2000 1952 2054 regem

322 2070 528 2138 saepius
579 2070 968 2123 efficacissime
1023 2070 1344 2132 mandasse,
1395 2077 1453 2122 ut
1501 2070 1557 2122 in
1607 2072 1813 2124 Goano
1867 2089 1952 2123 se-

324 2156 563 2209 minario
615 2156 896 2225 indigenae
949 2156 1106 2225 pueri
1158 2156 1323 2208 bonis
1377 2156 1628 2209 moribus
1681 2165 1738 2210 et
1786 2158 1955 2211 bonis

323 2241 540 2295 artibus
586 2242 973 2295 inbuerentur.
1055 2243 1158 2295 Isti
1205 2241 1389 2294 officio
1438 2242 1492 2294 in
1538 2250 1596 2295 te
1643 2243 1957 2297 deonerato

324 2346 394 2380 ne
455 2328 566 2382 ulla
611 2329 668 2381 in
720 2339 881 2398 parte
934 2329 1103 2392 desiS,
1157 2329 1435 2397 prospice.
1516 2330 1756 2384 Veteres
1807 2330 1958 2385 circa

324 2415 445 2469 haec
488 2416 745 2487 querelas
791 2416 968 2478 nosti;
1013 2435 1084 2468 ne
1120 2424 1177 2468 te
1219 2435 1285 2468 ac
1329 2416 1677 2469 Societatem
1728 2416 1958 2471 invidiae

327 2501 493 2555 simili
538 2503 792 2571 objiciaS,
840 2503 996 2556 omni
1040 2503 1410 2557 contentione
1457 2503 1665 2556 devita.

398 2591 636 2663 Quoties
672 2609 845 2643 naves
873 2589 931 2641 in
963 2588 1322 2642 Lusitaniam
1364 2607 1592 2642 cursum
1636 2589 1961 2653 intendent,

326 2678 486 2732 dabis
549 2679 767 2741 litteras
831 2680 904 2733 ad
968 2696 1158 2748 regem
1223 2679 1421 2730 breves
1479 2687 1535 2731 et
1590 2679 1960 2731 accuratione

326 2766 593 2834 peculiari
656 2766 915 2835 scriptaS,
971 2766 1174 2835 quibus
1227 2764 1277 2819 ei
1335 2765 1676 2834 compendio
1739 2765 1960 2833 indices

327 2851 571 2907 fructum
629 2855 968 2915 animarum,
1018 2853 1112 2922 qui
1158 2861 1213 2904 et
1263 2853 1403 2903 Goae
1450 2859 1505 2903 et
1551 2851 1961 2907 locis.caeteris

329 2955 427 3003 per
460 2938 687 2991 Indiam
728 2938 1045 2992 ministerio
1087 2937 1383 2992 Sociorum
1424 2937 1646 3006 legitur.
1730 2939 1817 2991 Ad
1858 2938 1966 2990 hoc

331 3032 550 3078 mature
596 3022 970 3094 congregabis
1017 3021 1371 3076 narrationes
1416 3039 1613 3076 eorum
1657 3040 1784 3093 quae
1830 3022 1963 3076 alibi

331 3120 618 3177 geruntur,
649 3130 716 3166 ex
753 3112 956 3183 quibus
998 3112 1307 3183 decerpens
1349 3110 1654 3182 praecipua,
1684 3111 1961 3182 scriptum
