2712 3754
737 459 804 531 78
1141 477 1323 515 LIBER
1361 474 1464 516 v11.
1486 493 1558 501 -
1578 472 1868 519 'EPISTOLA
1908 481 1945 518 1.

736 616 1028 686 Siquidem
1092 626 1213 671 tum
1280 619 1588 688 majoribus
1653 618 1900 687 undique
1965 633 2069 669 nos
2131 616 2347 670 cinctos

732 704 1012 773 periculiS,
1066 706 1496 769 tentationibuS,
1559 706 1826 759 aerumnis
1876 703 1964 757 vel
2015 702 2208 766 animi,
2260 702 2347 755 vel

735 790 987 859 corporis
1024 791 1196 844 visuri
1284 811 1495 856 sumuS,
1572 811 1740 862 quam
1831 809 2079 861 unquam
2157 797 2343 843 antea.

734 877 1012 946 Quocirca
1057 896 1160 946 par
1204 886 1288 930 est
1334 896 1449 942 eOS,
1497 878 1591 948 qui
1637 878 1811 931 divini
1858 875 2112 945 obsequii
2157 873 2345 929 Studio

731 970 1015 1026 tenentur,
1061 964 1249 1032 parvis
1294 964 1351 1017 in
1396 965 1561 1017 rebus
1604 963 1907 1025 elaborare,
1950 980 2121 1030 seque
2172 979 2343 1030 quam

733 1049 977 1102 maxime
1022 1049 1320 1102 demittere
1385 1058 1555 1118 atque
1619 1050 1921 1112 exinanire,
1976 1056 2037 1101 ut
2089 1048 2194 1099 sibi
2256 1043 2342 1100 vel

732 1135 1029 1189 minimum
1081 1137 1279 1200 fidant,
1334 1138 1457 1188 Deo
1501 1136 1588 1188 vel
1631 1136 1962 1205 plurimum;
2024 1142 2083 1187 ut
2129 1133 2342 1187 scilicet

728 1222 785 1275 in
831 1222 1052 1291 magnis
1097 1231 1219 1275 tum
1264 1223 1395 1275 vitae
1435 1231 1558 1276 tum
1612 1222 1809 1275 mortis
1860 1221 2119 1290 periculis
2170 1228 2340 1289 atque

729 1310 1124 1373 incommodis,
1172 1310 1228 1362 in
1275 1310 1463 1363 divina
1508 1310 1762 1364 bonitate
1807 1317 1977 1378 atque
2029 1308 2337 1362 misericor-

727 1396 819 1451 dia
871 1414 1029 1465 spem
1082 1394 1289 1449 habere
1341 1405 1735 1450 consuescant.
1833 1398 1899 1449 Id
1950 1397 2093 1450 adeo
2145 1414 2337 1451 conse-

725 1492 984 1553 quentur,
1038 1485 1102 1548 si,
1167 1485 1424 1553 quamvis
1490 1486 1675 1553 parvis
1727 1485 1783 1536 in
1835 1485 2000 1536 rebus
2051 1502 2084 1536 a
2136 1483 2338 1552 quibus

724 1570 1063 1624 abhorreant
1137 1570 1221 1624 sui
1298 1571 1541 1624 victores
1618 1570 1922 1633 extiterint,
2003 1587 2337 1640 summoque

726 1656 1049 1711 christianae
1095 1656 1430 1711 humilitatis
1473 1657 1660 1711 studio
1702 1657 1926 1711 sibimet
1969 1658 2194 1728 penitus
2235 1658 2336 1712 dif-

723 1744 981 1809 fidenteS,
1029 1746 1100 1797 ad
1147 1746 1452 1799 maximam
1501 1746 1606 1799 Dei
1652 1745 1916 1798 fiduciam
1962 1744 2183 1798 animos
2234 1744 2334 1798 eri-

723 1838 859 1900 gant
886 1848 1036 1885 SUOS.

797 1919 995 1987 Neque
1035 1918 1186 1971 enim
1233 1919 1544 1972 imbecillus
1585 1928 1671 1971 est
1715 1920 1809 1988 qui
1852 1919 2093 1972 scienter
2138 1919 2336 1973 nititur

722 2024 828 2074 ope
885 2005 1093 2058 divina.
1171 2007 1355 2075 Atque
1414 2015 1473 2059 ut
1531 2006 1708 2058 multa
1772 2006 2091 2059 communis
2154 2006 2334 2060 hostis

721 2092 1129 2162 impedimenta
1167 2093 1600 2162 perseverantiae
1640 2110 1706 2147 ac
1738 2091 2069 2162 perfectioni
2108 2092 2333 2148 virtutis

719 2179 967 2250 objiciat,
1034 2180 1218 2249 majus
1281 2187 1474 2233 tamen
1538 2179 1841 2233 discrimen
1906 2181 2095 2244 adeaS,
2163 2180 2209 2233 si
2273 2180 2330 2233 in

720 2266 940 2334 magnis
1004 2266 1270 2318 aerumnis
1333 2285 1399 2318 ac
1462 2267 1879 2319 discriminibus
1945 2268 2053 2320 Dei
2126 2267 2331 2321 auxilio

716 2352 953 2416 diffidas,
1007 2371 1177 2421 quam
1230 2353 1276 2404 si
1326 2353 1573 2420 pericula
1630 2353 1831 2405 subeas
1882 2371 2008 2421 quae
2072 2353 2329 2422 capitalis

715 2439 895 2494 hostis
934 2440 1189 2509 opponit.
1270 2440 1508 2494 Utinam
1546 2441 1649 2492 viri
1676 2441 1753 2509 pii
1794 2442 2048 2510 objectos
2086 2450 2329 2496 terrores

713 2545 780 2581 ac
825 2534 1028 2591 metus,
1075 2528 1277 2596 quibus
1323 2546 1419 2580 eos
1465 2528 1689 2580 daemon
1735 2547 1768 2580 a
1813 2528 2003 2580 divino
2056 2529 2328 2600 obsequio

713 2614 993 2669 deterrere
1044 2616 1251 2680 studet,
1299 2624 1689 2670 converterent
1735 2616 1792 2669 in
1840 2617 1946 2670 Dei
2000 2618 2327 2672 Conditoris

712 2703 797 2757 sui
841 2711 1073 2767 metum,
1118 2704 1163 2756 si
1207 2703 1348 2756 forte
1390 2703 1710 2757 destiterint
1754 2703 1824 2756 ab
1868 2703 2147 2774 incoept03
2196 2706 2324 2759 sibi-

708 2808 816 2859 que
857 2788 1024 2859 plane
1064 2790 1466 2860 persuaderent
1508 2791 1672 2861 longe
1713 2791 1838 2861 plus
1879 2792 2011 2845 mali
2053 2791 2323 2857 futurum,

709 2878 755 2931 si
803 2878 977 2931 divini
1025 2878 1289 2931 Numinis
1334 2877 1682 2931 voluntatem
1736 2876 2098 2946 neglexerint,
2153 2897 2324 2949 quam

709 2965 755 3019 si
808 2964 1085 3019 daemonis
1149 2965 1544 3034 impotentiam
1609 2966 2083 3034 contempserint!
2159 2967 2225 3018 Id
2278 2966 2324 3019 si

707 3052 976 3117 facerent,
1042 3054 1196 3107 Deus
1258 3053 1423 3116 bone,
1490 3071 1659 3123 quam
1717 3052 2128 3123 jucundissime
2177 3053 2323 3107 vive-

707 3150 849 3206 rent,
904 3149 1179 3211 quantum
1225 3140 1281 3193 in
1332 3140 1538 3195 virtute
1590 3141 1979 3209 procederent,
2035 3158 2161 3194 cum
2215 3138 2322 3209 ipsi

707 3246 809 3284 usu
856 3228 1009 3282 docti
1051 3227 1217 3297 plane
1260 3227 1532 3281 sentirent
1578 3226 1716 3280 nihil
1759 3227 1911 3297 ipsos
1953 3245 2054 3296 per
2095 3246 2153 3281 se
2193 3246 2320 3298 pos-
