2639 3798
694 422 881 458 LIBER
918 421 1460 461 vnn—ammom
1500 422 1539 461 1.
1841 407 1945 477 167

2484 248 2490 355 l

295 576 399 609 nas
436 565 605 621 arteS,
638 557 843 627 quibus
881 557 1105 626 plebem
1145 559 1435 612 credulam
1469 560 1713 629 pecunia
1740 577 1938 614 emun-
2480 546 2486 579 ³

293 652 452 712 gunt,
501 645 560 697 in
605 645 790 698 lucem
837 645 1170 713 protrahere
1216 647 1505 715 publicam
1553 646 1853 716 coeperint.
2478 581 2484 749 l

369 731 656 800 Equidem
685 750 753 785 ex
781 731 848 785 iis
878 750 1003 801 quae
1045 750 1170 788 sum
1204 741 1470 802 expertus
1510 734 1621 787 illic
1660 752 1935 803 praesenS,
2476 753 2481 814 ξ

291 819 483 872 videre
537 820 658 888 jam
713 819 846 872 hinc
897 819 1095 873 videor
1145 821 1340 874 vesani
1404 821 1705 875 sacrificuli
1757 839 1930 891 quam
2441 815 2480 946 ἐξ

2468 948 2477 1222 i

2463 1328 2470 1429 3

2462 1448 2467 1480 1

2462 1525 2466 1547 l

2459 1565 2465 1638 l

291 907 639 976 impotenter
684 907 937 976 erupturi
991 907 1122 972 sint,
1172 927 1302 962 cum
1356 909 1538 962 aderit
1592 926 1786 962 coram
1834 910 1931 979 qui

292 1013 499 1064 negare
551 995 608 1047 in
662 1013 725 1047 os
783 995 920 1064 ipsis
986 996 1264 1048 sustineat
1329 1014 1499 1064 posse
1565 995 1709 1059 illos,
1777 997 1931 1065 quod

289 1082 619 1149 gloriantur,
662 1085 888 1136 arcanis
929 1085 1105 1137 sacris
1145 1104 1340 1138 eruere
1380 1085 1630 1137 flammis
1666 1085 1930 1138 addictas

283 1168 404 1236 jam
467 1186 601 1221 orco
663 1169 913 1223 animas:
981 1171 1142 1239 cujus
1195 1172 1447 1225 ridiculae
1505 1171 1825 1240 jactantiae,
1881 1171 1928 1224 si

288 1254 477 1323 palam
540 1254 758 1308 falsitas
820 1265 1179 1325 coarguatur,
1235 1265 1489 1326 quaestus
1542 1274 1739 1309 eorum
1795 1275 1931 1325 pars

290 1342 539 1394 maxima
585 1342 834 1411 perierit.
915 1345 1062 1396 Cum
1115 1361 1249 1397 vero
1295 1343 1639 1396 sodomitica
1690 1342 1928 1412 flagitia,

288 1448 459 1499 quam
503 1430 578 1482 illi
623 1431 1070 1484 abominandam
1115 1431 1557 1485 obscoenitatem
1602 1430 1660 1483 in
1704 1430 1822 1483 ludi
1863 1448 1930 1484 ac

285 1535 461 1586 prope
506 1518 689 1571 laudis
735 1526 896 1586 parte
944 1527 1265 1583 numerant,
1316 1519 1534 1570 meritis
1578 1517 1927 1588 objurgatio-

287 1622 423 1657 num
467 1604 678 1658 aculeis
722 1606 1099 1674 configentur‚
1146 1624 1351 1675 nempe
1396 1605 1538 1658 istos
1582 1604 1736 1658 velut
1773 1623 1928 1659 com-

285 1699 531 1759 punctos
577 1692 809 1745 stimulo
854 1692 909 1744 in
955 1692 1070 1745 suis
1117 1691 1411 1745 lutulentis
1460 1691 1682 1744 lacunis
1728 1691 1931 1743 imma-

288 1796 389 1831 nes
431 1798 616 1847 aprOS,
659 1779 907 1832 ruituros
948 1779 1164 1847 impetu
1206 1796 1419 1832 vesano
1460 1779 1533 1832 ad
1573 1796 1672 1831 eos
1713 1778 1927 1832 dirum-

284 1866 522 1933 pendOS,
589 1866 685 1934 qui
752 1867 1091 1934 margaritas
1149 1874 1284 1918 ante
1343 1866 1499 1934 ipsos
1557 1865 1923 1934 projecerint,

287 1960 372 2004 est
418 1960 894 2005 consentaneum.

358 2039 565 2108 Quare,
601 2046 662 2091 ut
699 2039 830 2101 dixi,
874 2038 1077 2091 horum
1119 2038 1321 2107 hisque
1362 2037 1633 2090 similium
1674 2037 1925 2106 promul-

283 2135 509 2195 gatores
555 2127 666 2179 illic
713 2128 1050 2195 dogmatum
1098 2126 1296 2180 deesse
1344 2143 1459 2179 non
1525 2124 1736 2193 poterit
1785 2124 1923 2194 quin

283 2214 488 2267 acriter
529 2222 951 2283 oppugnentur,
997 2213 1232 2282 direque
1273 2219 1567 2276 vexentur,
1614 2219 1674 2265 ut
1716 2211 1925 2265 animae

282 2301 419 2371 ipsis
460 2321 596 2366 suae,
634 2302 797 2371 juxta
839 2301 1253 2370 Evangelicum
1293 2301 1548 2364 verbum,
1580 2299 1637 2352 in
1674 2317 1776 2352 sua
1817 2298 1925 2353 sibi

286 2390 567 2442 duntaxat
615 2389 979 2458 possidendae
1022 2379 1302 2457 patientia
1346 2388 1487 2441 sint:
1531 2405 1645 2456 qua
1671 2395 1929 2455 propter-

285 2495 351 2529 ea
431 2478 654 2547 egregie
733 2477 1063 2539 instructOS,
1135 2475 1487 2543 firmiterque
1551 2474 1928 2543 praemunitos

283 2582 405 2617 esse
452 2572 696 2633 oportet,
746 2564 841 2633 qui
895 2565 967 2616 ad
1021 2582 1088 2615 ea
1135 2562 1466 2615 discrimina
1514 2580 1574 2614 se
1628 2562 1921 2630 objicient.

285 2651 483 2704 Scribo
541 2651 734 2720 itaque
787 2651 860 2704 ad
910 2652 1137 2704 Patrem
1195 2649 1511 2712 Simonem,
1566 2656 1665 2702 aut
1713 2667 1781 2702 eo
1828 2649 1924 2701 ab·

283 2747 443 2792 sente
486 2740 559 2792 ad
601 2747 881 2792 rectorem
926 2736 1145 2806 collegii
1191 2735 1699 2800 ConimbricensiS,
1746 2753 1817 2788 ne
1845 2736 1927 2789 ul·
2441 2797 2443 2807 Σ
2503 2790 2505 2792 ,

280 2825 364 2878 los
415 2827 526 2879 huc
580 2828 653 2879 ad
703 2829 1015 2898 Japonicas
1058 2823 1406 2878 'academias
1472 2823 1652 2877 ituros
1710 2823 1924 2888 mittat,
2414 2812 2445 2889 i}

280 2931 423 2981 quos
474 2922 574 2968 tua
627 2924 829 2968 sancta
887 2914 1137 2967 charitas
1189 2931 1306 2965 non
1357 2911 1582 2976 viderit,
1637 2910 1921 2981 planeque
2414 2900 2442 2928 ³'

280 3012 613 3072 perspectos
655 3002 1000 3072 probaverit.

354 3092 572 3144 Iterum
638 3100 810 3161 atque
881 3091 1087 3143 iterum
1153 3088 1300 3151 dico,
1368 3088 1681 3157 majoribus
1747 3105 1922 3157 quam

278 3176 446 3246 vulgo
499 3179 751 3238 creditur
802 3177 1214 3238 certaminibus
1267 3184 1323 3235 et
1377 3175 1646 3236 aerumnis
1699 3193 1922 3234 exerce-
