2665 3754
762 354 869 407 434
1281 354 1467 394 1NDEx
1506 355 1869 395 GENERALls.

763 482 1010 529 EPISTOLA
1039 484 1122 528 XI.
1139 485 1453 530 ——Francz'sco
1472 487 1662 541 perezio,
1690 487 1782 530 Soc.
1805 487 1857 543 J.
1873 486 2089 535 ——Jubet
2121 491 2173 528 ut
2204 498 2274 529 re-

881 545 990 588 licta
1011 544 1191 588 Malaca
1212 545 1440 589 Cocinum
1476 546 1685 604 trajiciat,
1709 548 1839 603 cujus
1872 546 2029 603 praesit
2060 545 2274 602 collegio,

881 604 1114 709 {agrilissqpe
1141 605 1400 649 animarum
1425 607 1558 664 juxta
1586 606 1901 663 praescriptam
1931 605 2177 648 formulam
2206 604 2275 648 in·
2308 666 2389 723 389

768 756 1013 800 EPISTOLA
1042 756 1150 798 XII.
1182 780 1242 786 —
1272 757 1449 798 Eidem.
1478 780 1538 787 --
1570 757 1662 798 Sua
1699 757 1746 798 in
1787 756 2014 799 Sanciano
2050 763 2193 812 gesta,
2230 762 2277 798 et

882 815 1138 859 constituta
1192 815 1238 857 in
1293 815 1553 858 Cantonem
1607 815 1911 858 transmissio.
1972 814 2117 858 Nulla
2166 813 2279 858 vitae

883 874 1164 926 discrimina,
1187 875 1332 917 solam
1358 876 1414 917 de
1436 875 1537 917 Deo
1561 874 1862 917 diffidentiam
1887 874 2108 931 pavescit.
2148 873 2278 918 Sina·

883 948 987 977 rum
1031 935 1088 977 de
1129 933 1333 977 Xaverio
1376 935 1676 991 ejusdemque
1717 933 1946 992 religione
1988 948 2165 977 sensus.
2228 931 2278 978 Si

883 993 1038 1053 pactio
1060 993 1176 1038 inita
1202 1008 1310 1038 cum
1336 1000 1592 1038 mercatore
1623 994 1670 1037 in
1693 993 1890 1038 nihilum
1915 993 2110 1046 decidat,
2135 992 2277 1038 Siami

880 1068 1076 1111 regnum
1114 1053 1290 1110 cogitat
1296 1087 2273 1099 ..............
2307 1066 2383 1110 391

760 1141 1007 1187 Emsrom
1036 1140 1311 1185 XIII.—-P.
1350 1142 1545 1199 Gasparz'
1568 1142 1765 1184 Barzaeo.
1782 1167 1842 1174 -
1859 1140 2016 1185 Sinam
2052 1147 2276 1185 mercato·

879 1217 978 1244 rem
1009 1208 1261 1256 exspectat,
1284 1217 1310 1243 a
1338 1215 1432 1257 quo
1462 1216 1520 1244 ex
1548 1208 1684 1256 pacto
1713 1200 1974 1245 Cantonem
2007 1200 2275 1257 trajiciatur.

882 1260 1098 1303 Sedulam
1138 1260 1462 1303 mandatorum
1502 1259 1877 1304 observationem
1911 1259 2126 1313 inculcat,
2160 1273 2275 1317 prae-

877 1317 1015 1376 cipue
1040 1318 1097 1361 ad
1125 1317 1485 1362 submissionem
1515 1318 1659 1361 animi
1687 1318 2023 1375 pertinentium
2038 1332 2050 1372 ς
2082 1318 2272 1376 quinam

877 1377 1138 1434 adlegendi,
1162 1384 1209 1419 et
1242 1392 1269 1418 a
1303 1377 1535 1420 Societate
1563 1377 1843 1420 dimittendi.
1907 1377 2086 1421 Salutat
2113 1377 2274 1421 Domi-

880 1436 1071 1480 nicanos
1102 1443 1149 1479 et
1184 1435 1515 1479 Franciscanos
1547 1435 1708 1479 Patres
1714 1470 2272 1480 .........
2306 1450 2384 1493 395

761 1522 1007 1569 EPISTOLA
1037 1523 1162 1567 XIV.
1183 1547 1243 1554 —
1263 1524 1435 1567 Eidem.
1457 1547 1517 1554 —
1542 1523 1706 1566 Didaci
1744 1523 1944 1566 Pereirae
1981 1523 2028 1565 in
2067 1524 2269 1567 Sinicam

880 1583 1279 1626 transmissionem
1316 1583 1566 1639 impendia,
1601 1583 1681 1640 qui
1718 1590 1964 1639 propterea
1999 1583 2210 1640 impense
2245 1598 2272 1625 a

882 1642 1029 1685 Sociis
1059 1650 1130 1684 est
1159 1642 1396 1684 colendus.
1460 1642 1598 1684 Nova
1626 1643 1832 1698 ejusdem
1857 1641 2057 1683 Pereirae
2085 1642 2271 1698 legatio.

880 1701 1006 1756 Quid
1049 1701 1275 1742 Ferreirae
1325 1701 1603 1751 faciendum,
1651 1701 1763 1756 quid
1805 1700 2055 1743 Vincentio
2095 1700 2270 1758 Viegae,

880 1759 1093 1810 Pereirae,
1113 1759 1273 1801 domui
1294 1759 1561 1810 Malacensi,
1579 1774 1630 1801 ac
1655 1760 1891 1801 Bernardo
1920 1767 2094 1802 nostro.
2124 1759 2271 1803 Inter-

879 1827 1010 1875 prete
1041 1819 1150 1861 Sina
1178 1819 1445 1869 destitutus,
1473 1818 1512 1861 si
1540 1827 1769 1862 mercator
1798 1818 1936 1861 fidem
1964 1818 2102 1871 fallat,
2128 1817 2270 1863 Siami

879 1893 1076 1936 regnum
1116 1885 1274 1934 petere
1312 1876 1557 1921 constituit
1562 1912 2269 1921 ...........
2304 1879 2381 1933 398

763 1966 1009 2010 EPISTOLA
1039 1965 1139 2007 XV.
1156 1967 1322 2008 -PR
1344 1967 1590 2008 Francz'sco
1620 1967 1797 2009 Perezz'o
1830 1972 1872 2007 et
1899 1966 2044 2008 Paulo
2075 1967 2271 2009 Antonio

881 2027 1098 2079 Heredz'ae,
1127 2026 1219 2068 Soc.
1256 2025 1667 2081 Jesu.—-—Perezio
1694 2026 1828 2083 jubet
1871 2032 1923 2069 ut
1959 2039 2008 2068 se
2042 2024 2269 2069 Cocinum

881 2087 1101 2136 conferat,
1144 2086 1336 2141 ejusque
1377 2085 1535 2141 praesit
1575 2085 1800 2142 collegio;
1847 2085 2079 2137 Herediae‚
2122 2093 2174 2129 ut
2215 2086 2271 2129 ad

879 2144 1054 2187 Barzaei
1076 2152 1243 2187 nutum
1267 2146 1323 2187 ad
1339 2143 1614 2201 Japonicum
1639 2144 1824 2188 aliudve
1847 2144 1935 2188 iter
1952 2158 2001 2187 se
2018 2151 2270 2202 comparet.
2303 2155 2380 2197 405

767 2239 1012 2282 EPISTOLA
1041 2239 1166 2281 XVI.
1181 2239 1414 2294 -Jacobo
1433 2239 1633 2281 Pererz'oe.
1645 2238 2107 2283 -Commemoratis
2134 2239 2273 2282 bene-

886 2299 1001 2341 ficiis
1028 2300 1086 2341 ab
1115 2312 1172 2341 eo
1202 2299 1248 2340 in
1276 2312 1325 2341 se
1347 2298 1540 2350 collatis,
1563 2299 1712 2341 fausta
1733 2297 1890 2342 omnia
1911 2297 1979 2341 illi
2001 2299 2274 2354 adprecatur

885 2365 932 2401 et
965 2357 1192 2401 adsciscit.
1254 2357 1325 2400 De
1357 2358 1591 2424 legatione
1623 2358 1670 2400 in
1704 2371 1876 2400 annum
1909 2365 2272 2414 consequentem

887 2417 1129 2469 destinata,
1167 2431 1217 2460 ac
1256 2419 1313 2460 de
1345 2417 1565 2474 praesenti
1601 2431 1683 2473 spe
1719 2416 1979 2460 Cantonem
2013 2430 2095 2473 per
2131 2415 2273 2461 Siami

886 2490 1082 2535 regnum
1122 2477 1400 2533 appellendi.
1445 2476 1679 2518 Francisci
1721 2476 1932 2527 Pereirae,
1985 2477 2275 2532 aliorumque

887 2537 1009 2592 apud
1053 2536 1184 2577 Sinas
1236 2536 1543 2577 infortunium
1595 2537 1746 2587 dolet,·
1801 2543 2016 2578 mutuum
2061 2535 2108 2577 in
2153 2533 2274 2578 Sinis

889 2602 1208 2650 conspectum,
1241 2595 1316 2636 vel
1349 2603 1475 2637 certe
1514 2595 1646 2637 laetos
1681 2596 1738 2637 de
1771 2594 1909 2637 rebus
1943 2594 2041 2650 ejus
2084 2592 2275 2637 nuntios

887 2653 1115 2695 desiderat
1121 2685 2272 2696 .................
2303 2658 2381 2703 407

769 2747 1017 2792 EPISTOLA
1046 2747 1196 2792 XVII.
1214 2749 1340 2792 -Ρ,
1384 2748 1588 2807 Gasparz‚
1633 2751 1791 2792 rectorz
1829 2748 2000 2805 collegzi
2043 2749 2197 2791 Goani.
2214 2772 2273 2777 -

887 2807 1067 2851 Malaca
1090 2819 1184 2851 non
1207 2814 1277 2851 est
1300 2807 1491 2852 Perezio
1514 2808 1665 2865 digna,
1699 2807 1746 2850 in
1778 2821 1870 2865 qua
1900 2807 2271 2851 excommunica-

883 2867 1037 2911 tiones
1060 2868 1239 2911 duabus
1261 2869 1318 2911 de
1340 2867 1490 2911 causis
1521 2867 1611 2911 rite
1643 2867 2015 2924 pronuntiandae.
2080 2868 2270 2924 Ineptos

887 2925 935 2968 in
972 2925 1204 2969 Societate
1241 2939 1335 2970 non
1374 2926 1503 2978 ferat,
1542 2927 1630 2970 etsi
1668 2927 1958 2983 relinquatur
1995 2927 2093 2983 ipse
2129 2927 2270 2970 solus.

885 2983 1071 3029 Diaboli
1123 2991 1332 3039 conatus,
1386 2998 1445 3028 ne
1501 2985 1706 3030 Societas
1747 2985 1793 3027 in
1829 2985 2042 3028 Sinarum
2074 2996 2269 3043 regnum

883 3043 1084 3097 invadat,
1123 3052 1170 3089 et
1212 3044 1401 3089 Xaverii
1440 3045 1672 3104 superbiae
1710 3045 1835 3088 illius
1872 3046 2139 3104 frangendae
2173 3051 2267 3087 stu-

880 3103 1008 3148 dium
1015 3134 2265 3147 ..................
2297 3110 2374 3151 412

2587 1125 2665 1169 AF
