2665 3754
694 353 798 406 312
1046 353 1230 393 LIBER
1268 353 1397 393 VIII.
1420 369 1492 379 -
1513 352 1806 392 EPISTOLA
1842 352 1982 392 XXII.

690 508 793 542 nec
834 509 948 542 uno
987 490 1142 542 brevi
1182 499 1440 559 tempore
1483 491 1704 544 cunctis
1744 490 1912 543 simul
1951 489 2091 543 locis
2132 488 2321 541 indici.

690 576 976 650 Quoniam
1026 594 1156 630 curn
1205 578 1405 645 exigua
1453 577 1545 631 hic
1605 578 1770 645 copia
1824 583 2090 645 suppetat
2145 591 2326 628 sacer-

689 662 909 725 dotum,
957 662 1274 730 praesertim
1327 663 1664 715 idoneorum
1717 662 1905 715 causis
1959 659 2325 713 conscientiae

688 749 867 816 perite
918 749 1322 816 dijudicandiS,
1372 750 1620 818 spatium
1668 766 1784 801 non
1830 741 2137 817 angustum
2185 748 2321 799 dan-

688 832 826 886 dum
865 840 952 886 est
1004 832 1356 887 multitudini
1409 833 1807 887 confitentium
1849 833 1921 886 ad
1962 830 2328 899 explicandos

690 919 846 972 sinus
885 937 1086 972 omnes
1127 921 1322 985 animi,
1365 929 1420 974 et
1460 920 1683 990 piacula
1732 919 2053 973 necessaria
2103 916 2324 987 explen-

688 1007 779 1061 da.
857 1007 1008 1060 Tum
1056 1008 1319 1061 Patribus
1365 1008 1546 1062 otium
1594 1007 1830 1078 praeberi
1878 1005 2165 1069 convenit,
2215 1022 2326 1075 quo

689 1112 757 1147 ex
807 1094 944 1147 urbe
996 1094 1083 1146 vel
1136 1113 1284 1163 pago
1337 1113 1452 1148 uno
1505 1095 1610 1148 rite
1664 1093 1957 1163 impertito
2018 1091 2326 1161 pontificiae

691 1180 1060 1249 indulgentiae
1106 1179 1402 1245 fructibUS,
1450 1182 1523 1235 ad
1569 1181 1742 1234 alium
1803 1179 2211 1248 transmigrent
2260 1178 2327 1232 si-

697 1267 815 1320 mili
854 1267 1134 1320 beneficio
1177 1269 1532 1321 donandum.
2143 1328 2145 1330 ,

766 1355 1026 1408 Admone
1065 1362 1258 1409 autem
1299 1363 1360 1409 ut
1401 1363 1577 1419 curet,
1608 1357 1654 1408 si
1692 1354 1872 1424 possit
1912 1353 2050 1417 fieri,
2093 1370 2324 1407 conces-

693 1442 882 1497 siones
924 1442 1063 1496 istas
1105 1443 1416 1512 gratiarum
1465 1443 1615 1497 mitti
1658 1442 1769 1496 huc
1812 1442 1918 1496 rite
1961 1440 2325 1510 consignatas

694 1530 1102 1599 diplomatibus
1149 1531 1565 1599 subscriptione
1611 1530 1866 1599 legitima
1911 1537 1967 1583 et
2020 1528 2328 1597 sigillorum

698 1617 1048 1688 appensione
1105 1617 1364 1681 firmatis,
1424 1638 1550 1688 quae
1607 1618 1680 1669 ad
1741 1617 1912 1668 fidem
1976 1607 2359 1684 suspiciosio-'

697 1706 852 1759 ribus
909 1704 1227 1759 faciendam
1296 1706 1522 1760 ostendi
1580 1712 1820 1774 queant;
1889 1720 2005 1758 non
2063 1703 2216 1757 enim
2276 1702 2332 1755 in

697 1791 853 1845 hisce
899 1791 1224 1861 regionibus
1274 1791 1479 1846 desunt
1520 1790 1615 1861 qui
1667 1809 1813 1859 aegre
1864 1790 2224 1844 adducantur
2262 1788 2332 1842 ad

696 1898 799 1950 pro
834 1879 1172 1933 indubitatis
1212 1879 1573 1933 admittenda
1619 1878 1838 1933 indulta
1881 1876 2180 1948 ejusmodi,
2225 1874 2330 1929 nisi

695 1966 951 2019 formulis
1021 1974 1193 2035 atque
1262 1967 1487 2020 indiciis
1555 1968 1935 2036 undequaque
2004 1963 2334 2018 certissimis

696 2053 1158 2122 comprobentur.
1238 2053 1549 2122 Expediret
1577 2053 1751 2106 etiam
1797 2052 2006 2105 diserte
2048 2050 2173 2103 istis
2215 2049 2330 2102 bul-

694 2140 825 2192 latis
880 2140 1289 2208 diplomatibus
1361 2140 1599 2208 exprimi
1652 2140 1794 2192 velle
1853 2139 2193 2191 Pontificem
2243 2155 2334 2188 ex-

696 2226 854 2280 tendi
884 2227 969 2278 sui
997 2226 1166 2295 hujus
1211 2226 1470 2279 beneficii
1512 2244 1676 2280 usum
1718 2225 2078 2294 fructumque
2122 2225 2179 2276 in
2217 2239 2331 2276 om-

699 2331 801 2367 nes
853 2315 1261 2383 cujuscumque
1324 2305 1506 2378 sex'US,
1564 2313 1768 2377 aetatis,
1832 2313 2065 2376 ordinis,
2121 2308 2333 2364 Christi

696 2400 909 2465 fideleS,
973 2400 1069 2470 qui
1131 2400 1277 2454 ultra
1329 2409 1500 2469 caput
1564 2402 1744 2454 Bonae
1817 2399 1949 2469 Spei
2022 2415 2198 2468 usque
2262 2394 2332 2449 ad

698 2497 1015 2544 extremum
1071 2488 1369 2542 Orientem
1422 2488 1699 2557 inquilini,
1751 2487 1838 2540 vel
1884 2486 2186 2555 indigenae,
2239 2489 2335 2535 aut

700 2575 898 2644 quavis
941 2593 1008 2626 ex
1052 2593 1225 2627 causa
1270 2574 1717 2643 peregrinanteS,
1764 2574 2139 2626 diversantur.

776 2663 1026 2716 Facilius
1068 2662 1435 2732 persuadebis
1481 2661 1634 2715 Patri
1672 2669 1868 2714 nostro
1904 2658 2130 2729 Ignatio
2175 2666 2235 2711 ut
2279 2656 2335 2708 in

701 2750 811 2804 hoc
857 2751 1146 2804 elaborare
1189 2767 1304 2802 non
1346 2755 1627 2818 gravetur,
1673 2748 1738 2811 si,
1784 2748 1936 2816 quod
1978 2739 2109 2799 vere
2153 2752 2333 2813 poteS‚

702 2837 1003 2906 magnifice
1066 2835 1464 2905 praedicaveris
1527 2833 1775 2887 fructum
1841 2832 2180 2894 animarum,
2236 2827 2330 2898 qui

702 2942 770 2979 ex
806 2925 1049 2996 Jubilaeo
1078 2924 1188 2977 huc
1216 2924 1286 2976 ab
1320 2923 1414 2976 illo
1455 2922 1628 2975 semel
1669 2921 1912 2975 antehac
1954 2920 2129 2972 misso
2170 2917 2335 2988 plane

700 3010 903 3081 ingens
966 2998 1035 3064 ac
1088 3009 1405 3078 stupendus
1459 3007 1693 3063 exstitit.
1783 3006 1950 3076 Quod
2005 3004 2331 3076 Jubilaeum,

704 3119 832 3158 cum
905 3101 1016 3159 isto
1068 3099 1220 3172 quod
1279 3095 1524 3152 indicavi
1596 3094 1987 3165 angustiarum
2045 3086 2337 3168 temporiS,
