2639 3798
765 457 949 500 LIBER
989 456 1115 495 VIII.
1138 473 1210 479 ·-
1232 456 1525 495 EPISTOLA
1568 456 1643 494 IV.
1922 458 2027 511 209

871 710 1355 783 EPISTULA
1421 713 1542 772 JV.

670 944 746 1004 P.
799 943 1053 1015 Pau10,
1105 942 1496 1005 Societatis
1539 943 1738 1021 Jesu.

458 1182 520 1233 M
525 1179 705 1241 orales,
737 1178 1016 1239 Gonzalez,
1047 1177 1241 1245 aliique
1268 1178 1327 1227 ob
1355 1177 1638 1245 neglectam
1677 1177 2022 1228 obedientiam

388 1287 411 1320 e
457 1266 707 1319 Societate
759 1263 982 1325 dimissi,
1032 1268 1123 1314 aut
1167 1262 1413 1331 castigati
1422 1282 1442 1323 ,·
1503 1263 1562 1313 de
1610 1263 1847 1314 maxima
1898 1281 2026 1332 erga

392 1353 673 1421 episcopum
701 1336 1045 1401 observantia.

463 1508 661 1560 Gratia
714 1516 768 1559 et
828 1526 989 1558 amor
1057 1504 1290 1557 Domini
1356 1504 1535 1557 nostri
1599 1505 1736 1574 Jesu
1806 1504 2023 1560 Christi

388 1595 573 1646 adsint
615 1611 839 1660 semper
879 1592 1042 1643 nobis
1083 1591 1288 1643 auxilio
1329 1599 1385 1643 et
1427 1590 1635 1643 favore.
1715 1593 1919 1644 Arnen.

465 1756 630 1806 Pater
666 1753 854 1815 Paule,

394 1896 575 2033 ΑΒ
618 1908 672 1951 te
717 1900 861 1950 istuc
904 1900 1342 1966 proficiscuntur
1389 1898 1618 1948 Manuel
1663 1899 1732 1948 de
1773 1898 2020 1949 Morales

572 1994 625 2037 et
669 1986 1008 2038 Franciscus
1051 1985 1355 2039 Gonzalez.
1437 1985 1617 2038 Simul
1665 1985 2018 2049 advenerint,

385 2070 518 2122 visis
551 2070 690 2123 meis
730 2070 886 2123 hisce
941 2070 1160 2132 litteris,
1203 2070 1510 2123 convenies
1565 2070 1864 2122 dominum
1905 2071 2018 2139 epi-

385 2174 616 2222 scopum
662 2157 719 2208 in
749 2177 851 2209 suo
895 2157 1106 2224 palatio
1135 2156 1461 2224 episcopali,
1508 2156 1776 2223 dicesque
1819 2156 1924 2223 ipsi
1963 2164 2019 2209 te

383 2243 613 2293 reddere
665 2261 732 2293 ac
784 2243 1081 2293 restituere
1145 2242 1525 2293 dominationi
1588 2242 1711 2308 ejus
1768 2242 2015 2308 priorem

383 2326 600 2390 horum,
636 2328 928 2381 hominem
974 2328 1192 2381 ratione
1237 2327 1605 2380 sacerdotalis
1647 2328 1864 2380 ordinis
1909 2328 2017 2397 ipsi

379 2415 735 2480 peculiariter
800 2416 1109 2478 subditum,
1178 2435 1282 2467 nec
1341 2415 1462 2482 jam
1528 2414 1842 2482 obligatum
1902 2415 2013 2468 ulla

380 2500 651 2568 religiosae
693 2501 920 2554 familiae
962 2501 1314 2563 obedientia;
1358 2501 1568 2569 quippe
1609 2519 1737 2554 cum
1774 2519 1875 2569 per
1902 2519 2012 2565 me,

380 2596 545 2654 prout
585 2588 788 2642 litteris
828 2591 898 2642 ad
936 2598 991 2643 te
1032 2589 1181 2642 datis
1222 2588 1677 2657 significaverim,
1720 2588 1869 2641 votis
1909 2588 2015 2642 rite

379 2673 612 2737 solutuS‚
683 2684 737 2728 et
806 2694 839 2727 a
909 2676 1195 2728 Societate
1264 2676 1562 2727 abdicatus
1630 2675 1720 2727 sit.
1826 2676 2015 2743 Quare

378 2757 607 2814 homine
660 2761 891 2815 talentis
944 2763 1014 2815 ad
1069 2748 1456 2815 ecclesiastica
1519 2761 1835 2814 ministeria
1894 2778 2010 2814 non

377 2845 667 2900 inutilibus
722 2850 962 2918 praedito
1018 2858 1210 2921 utatur
1269 2849 1537 2917 deinceps
1596 2867 1698 2915 p-ro
1757 2847 2011 2910 arbitriO,

377 2934 544 3001 pleno
591 2937 743 3004 jure3
803 2938 997 3005 utique
1049 2955 1178 2988 cum
1233 2954 1362 2987 eum
1411 2955 1444 2986 a
1490 2954 1592 2987 suo
1639 2954 1876 3003 corpore
1930 2955 2011 2986 re-

360 3019 586 3087 jectum
616 3030 671 3075 et
713 3024 769 3075 in
812 3040 1016 3075 manus
1057 3024 1178 3091 ejus
1219 3024 1528 3091 repositum
1574 3023 1834 3073 Societas
1872 3026 2010 3093 Jesu

375 3104 562 3161 liberae
634 3109 810 3177 ipsius
876 3109 1149 3178 potestati
1214 3109 1528 3178 permittat.
1628 3109 1745 3177 Ipsi
1809 3116 2012 3177 postea

378 3193 624 3247 Manueli
673 3196 742 3248 de
793 3196 1037 3248 Morales
1085 3195 1398 3249 declarabis
1445 3203 1501 3249 te
1549 3195 1723 3258 illum,
1773 3202 1940 3262 prout
1980 3212 2012 3247 a

1609 3448 1677 3506 14

2524 1840 2525 1843 „
2523 1821 2526 1825 .
2521 1326 2530 1807 ,Q—-ae-qi-mmm*m.-.„„-m
2528 1272 2531 1315 ,..,,
2529 1236 2531 1238 .
2530 1198 2532 1210 „⁴
2530 1176 2533 1178 .
2530 1142 2533 1153 ,i
2532 1094 2533 1097 „
