2665 3754
32 1014 54 1269 qima-m*-
48 900 50 909 ,.
46 798 50 825 ,a
47 757 49 764 χ
45 721 48 724 .
45 657 58 695 <—:
34 465 55 506 ἑ,
41 334 44 350 s

43 1664 60 1892 *vr-“rq-vvu-‹s-ffl-—k
50 1654 53 1659 -
41 1569 58 1644 *affl-..g

66 2180 69 2190 ,
59 2138 62 2148 ,
49 1895 60 2086 -v-aesfnm-‹m—-n

631 334 734 387 242
1019 333 1203 372 LIBER
1240 333 1370 373 VIII.
1392 349 1464 359 --
1484 331 1777 372 EPISTOLA
1797 330 1866 371 -X-

629 474 686 520 te
727 464 831 518 tibi
859 465 1107 534 primum
1151 465 1276 533 ipsi,
1322 465 1526 517 deinde
1568 464 1692 517 aliis
1735 463 2025 532 invigilare
2066 462 2256 517 velim.

701 553 870 623 Quod
934 553 980 604 si
1051 571 1219 622 quem
1294 562 1619 605 nostrorum
1694 550 2135 620 deprehenderis
2197 550 2255 602 in

624 646 863 707 peccato
908 639 1150 707 graviori
1202 639 1259 691 in
1305 639 1591 706 publicam
1645 637 2015 690 offensionem
2070 654 2252 689 erum-

626 735 815 795 pente,
864 746 930 779 ac
977 746 1090 779 non
1147 726 1267 779 sine
1319 725 1539 778 ratione
1592 725 1849 778 irritante
1901 725 1957 776 in
2005 743 2109 776 nos
2160 742 2258 792 po-

626 813 842 882 pulum,
886 811 1038 867 hunc
1081 812 1380 867 confestim
1417 832 1447 867 e
1483 813 1770 866 Societate
1813 812 2037 866 dimitte
2052 829 2065 873 ;
2123 828 2257 864 nam

628 919 772 970 quos
830 899 1113 952 dimiseris
1165 919 1270 969 ego
1316 900 1437 968 jam
1494 918 1646 950 nunc
1697 918 1800 968 pro
1853 898 1958 950 rite
2011 884 2261 949 dimissis

629 988 831 1052 habe0,
876 989 1145 1058 quoniam
1210 995 1437 1040 tantum
1492 988 1717 1040 confido
1763 995 1877 1039 tuae
1922 986 2259 1055 prudentiae,

627 1080 689 1126 ut
731 1081 951 1127 certum
1016 1074 1257 1126 habeam
1302 1062 1588 1125 neminem
1639 1090 1672 1124 a
1718 1080 1775 1125 te
1820 1072 1928 1125 nisi
1967 1071 2139 1141 justis
2191 1072 2263 1124 de

575 1226 578 1229 Β
632 1162 820 1215 causis
863 1161 1290 1215 dimittendum.

705 1247 873 1302 Circa
919 1247 1135 1301 reditus
1188 1266 1408 1300 annuos
1436 1247 1599 1300 istius
1645 1246 1864 1314 collegii
1911 1245 2154 1309 curabiS,
2201 1253 2262 1300 ut

638 1334 827 1403 potius
872 1333 930 1386 in
979 1334 1416 1387 aedificationem
1470 1334 1846 1403 spiritualium
1900 1332 2263 1402 templorum,

638 1438 810 1491 quam
851 1421 1202 1474 sensibilium
1243 1438 1310 1474 ac
1350 1421 1802 1475 materiariorum
1843 1420 2265 1491 impendantur.

638 1510 728 1561 Ex
779 1508 888 1561 hoc
942 1509 1193 1563 secundo
1257 1527 1462 1578 genere
1527 1526 1815 1562 sacrarum
1869 1508 2076 1561 aedium
2130 1525 2266 1561 saxo

637 1602 734 1648 aut
777 1594 930 1664 ligno
973 1595 1421 1659 excitandarum‚
1464 1595 1658 1648 ideas
1696 1603 1923 1648 tantum
1964 1594 2265 1665 pecuniam

638 1682 891 1736 insumes
937 1702 1063 1753 quae
1109 1701 1340 1752 prorsus
1386 1692 1551 1736 erunt
1598 1685 1949 1747 necessariae,
2004 1700 2267 1752 quarum-

632 1788 741 1839 que
790 1770 912 1822 sine
959 1770 1296 1839 gravissimo
1342 1771 1710 1824 incommodo
1754 1770 1980 1838 publico
2022 1770 2269 1823 recusari

643 1857 1011 1913 constructio,
1041 1876 1154 1910 non
1202 1859 1402 1927 possit.
1482 1858 1541 1910 Si
1589 1876 1714 1927 quae
1762 1866 1997 1910 ornatus
2042 1866 2268 1911 tantum

639 1943 1039 2012 splendidioris
1081 1951 1178 1996 aut
1223 1944 1430 2012 speciei
1474 1944 1817 2013 augustioris
1863 1945 2099 1998 obtentu
2143 1962 2269 2013 pro-

639 2037 947 2097 ponuntur,
996 2049 1109 2092 eas,
1159 2038 1219 2081 ut
1264 2030 1468 2099 quibus
1510 2030 1773 2099 praeverti
1816 2030 2141 2099 urgentiora
2182 2049 2272 2082 res

640 2116 845 2185 exigat,
894 2117 952 2169 in
996 2117 1389 2170 commodiora
1435 2117 1745 2170 differenda
1789 2116 1967 2170 videri
2010 2123 2272 2184 tempora

641 2217 866 2255 excusa.
971 2201 1137 2269 Quod
1213 2218 1346 2268 ergo
1410 2219 1478 2254 ex
1540 2200 1803 2269 vectigali
1878 2200 2270 2269 abundaverit,

590 2310 602 2315 'v
639 2286 830 2357 pueris
876 2287 1290 2358 indigenarum,
1345 2296 1512 2358 prout
1559 2289 1662 2342 tibi
1715 2289 1978 2358 praecepi,
2025 2289 2084 2342 in
2132 2308 2272 2342 sana

642 2375 905 2428 doctrina
962 2384 1018 2428 et
1075 2376 1268 2444 probis
1327 2377 1580 2428 moribus
1639 2377 1952 2429 educandis
2015 2377 2271 2430 absume.

643 2463 788 2515 Haec
841 2462 990 2514 enim
1040 2462 1353 2531 spiritualia
1402 2463 1618 2532 templa
1670 2471 1801 2516 sunt
1854 2463 2058 2533 quibus
2112 2464 2269 2515 Deus

645 2549 826 2620 magis
879 2550 1216 2613 honoratur;
1278 2551 1558 2620 siquidem
1612 2550 1669 2602 hi
1722 2551 1880 2620 pueri
1933 2552 2163 2621 quando
2215 2550 2273 2603 in

644 2635 795 2688 viros
860 2636 1229 2699 adoleverint,
1282 2636 1450 2689 bonis
1514 2636 1785 2704 exemplis
1850 2644 1905 2690 et
1958 2635 2273 2690 communi-

645 2723 870 2776 catione
910 2723 1186 2776 doctrinae
1222 2732 1506 2793 perceptae
1547 2723 1927 2777 instrumenta
1957 2725 2081 2777 Deo
2109 2731 2275 2777 erunt

645 2827 831 2864 rerum
897 2811 969 2864 ad
1044 2810 1166 2879 ejus
1240 2810 1478 2879 gloriam
1544 2817 1599 2865 et
1664 2810 1962 2865 hominum
2035 2810 2275 2865 salutem

651 2895 1047 2950 maximarum.

719 2986 868 3040 Ante
920 2984 1026 3040 hos
1078 2984 1199 3039 dies
1244 3002 1457 3055 paucos
1504 2984 1649 3040 istuc
1696 2985 1823 3040 misi
1874 2985 2110 3040 Paulum
2161 2987 2274 3041 Gu-

644 3081 856 3138 zarate,
898 3073 994 3144 qui
1027 3072 1084 3125 in
1118 3072 1226 3127 hoc
1265 3072 1503 3143 collegio
1544 3072 1737 3126 multis
1777 3072 1943 3126 annis
1983 3073 2277 3130 institutus
