2639 3798
719 425 907 467 LIBER
945 425 1073 467 VIII.
1095 443 1168 451 --
1190 425 1491 467 EPISTULA-
1524 427 1586 468 11.

1869 430 1972 487 193

335 586 533 628 omnes
578 569 635 622 in
689 567 939 621 maxima
989 566 1168 637 gloria
1220 567 1491 621 futurum.
1573 569 1716 622 Haec
1769 568 1964 622 omnia

334 655 729 714 commentitia
774 662 905 708 sunt
950 655 1219 725 mysteria
1261 654 1614 719 bonziorum,
1659 655 1754 725 qui
1797 656 1963 710 nobis

331 743 821 806 concionantibus,
876 742 1236 795 obtrectandi
1289 743 1497 810 studiO,
1546 741 1603 794 in
1651 743 1766 795 suis
1813 742 1959 796 fanis

328 832 832 894 concionabantur,
886 838 942 882 et
997 849 1204 900 magna
1256 831 1579 883 auditorum
1638 830 1956 901 frequentia

327 919 490 972 nobis
541 918 753 987 pariter
807 919 1044 986 Deoque
1096 925 1292 970 nostro
1343 917 1671 986 turpissime
1724 917 1955 971 maledi-

326 1007 548 1059 cebant.
629 1004 1087 1057 Christianorum
1120 1005 1307 1055 Deum
1335 1022 1459 1070 esse
1500 1003 1757 1071 ignotum
1794 1004 1952 1071 quid-

326 1093 455 1146 dam
535 1096 591 1143 et
656 1089 995 1152 inauditum,
1077 1089 1309 1158 fierique
1375 1107 1491 1142 non
1571 1108 1740 1157 posse
1814 1089 1951 1158 quin

241 1196 243 1198 ·
325 1177 603 1230 maximus
654 1194 722 1228 ac
773 1176 1099 1227 teterrimus
1151 1176 1379 1228 daemon
1433 1183 1610 1237 esset;
1671 1176 1794 1244 ejus
1846 1193 1952 1228 nos
2530 1237 2534 1245 ἑ

326 1261 602 1315 daemonis
663 1279 785 1313 esse
854 1261 1179 1329 disciPUIOS,
1254 1262 1494 1329 proinde
1562 1269 1827 1314 caverent
1880 1280 1951 1314 ne
2512 1248 2535 1336 3}

322 1348 532 1401 Christi
579 1366 740 1399 sacra
786 1348 1137 1414 susciperent
1153 1365 1165 1407 3
1223 1348 1391 1398 simul
1436 1356 1608 1415 atque
1654 1348 1808 1399 enim
1856 1348 1947 1399 ille
2513 1337 2536 1393 'l

320 1453 419 1504 pro
451 1435 576 1487 Deo
617 1433 724 1487 coli
753 1441 975 1501 coeptus
1016 1441 1183 1496 esset,
1211 1433 1521 1502 Japoniam
1563 1434 1943 1487 interituram.

324 1520 428 1573 Dei
481 1537 706 1588 quoque
758 1539 968 1572 nomen
1022 1520 1368 1582 cavillanteS,
1423 1520 1949 1589 interpretabantur

322 1609 507 1659 Deum
566 1607 706 1658 nihil
767 1607 919 1658 aliud
977 1625 1101 1659 esse
1169 1608 1277 1658 ni-si
1346 1609 1553 1659 Doti-um
1618 1609 1946 1673 (Deci-uso),

319 1696 472 1764 quod
516 1695 751 1747 verbum
789 1695 1041 1763 ipsorum
1088 1695 1281 1763 lingua
1329 1696 1692 1747 mendacium
1740 1695 1948 1762 signifi-

317 1789 435 1841 cat3
495 1781 687 1849 itaque
733 1782 885 1848 apud
919 1798 978 1832 se
1012 1788 1227 1842 essent,
1263 1780 1484 1848 sibique
1522 1798 1555 1832 a
1582 1780 1746 1832 nobis
1787 1798 1945 1833 cave-

316 1874 443 1920 rent
485 1866 802 1937 diligenter.

388 1955 531 2008 Haec
583 1960 755 2023 atque
807 1952 917 2007 alia
970 1952 1148 2007 multa
1212 1952 1389 2021 impia
1454 1952 1758 2007 maledicta
1809 1972 1942 2007 con-

312 2038 565 2093 ferebant
608 2039 666 2092 in
711 2040 898 2092 Deum
913 2059 925 2101 3
983 2058 1109 2107 quae
1152 2047 1346 2091 tamen
1391 2039 1498 2101 ille,
1542 2059 1646 2107 pro
1688 2059 1791 2092 sua
1833 2039 1940 2092 cle-

310 2126 523 2180 mentia
562 2146 629 2180 ac
668 2126 1020 2196 benignitate
1070 2126 1312 2190 infinita,
1355 2126 1412 2178 in
1453 2127 1730 2180 honorem
1771 2146 1936 2181 suum
2516 2177 2534 2198 ς

308 2216 662 2286 salutemque
708 2217 1005 2270 hominum
1051 2216 1239 2269 vertit.
1320 2217 1554 2269 Etenim
1609 2217 1832 2271 illorum
1879 2218 1937 2271 in
2516 2199 2536 2287 ³}

310 2320 414 2356 nos
466 2303 786 2357 maledictis
838 2310 893 2356 et
941 2311 1137 2356 nostra
1207 2304 1357 2372 apud
1410 2303 1687 2373 populum
1741 2312 1933 2358 aucto-

307 2390 462 2455 ritaS,
523 2400 578 2445 et
638 2391 932 2445 Christum
998 2390 1308 2443 colentium
1365 2410 1636 2444 numerus
1695 2392 1752 2444 in
1812 2392 1941 2445 dies·

300 2480 629 2547 augebatur.
709 2479 1067 2548 Intelligebat
1120 2479 1330 2547 quippe
1383 2479 1707 2543 multitudO,
1755 2480 1926 2548 idque

300 2566 495 2633 palam·
542 2567 861 2630 dictitabat,
912 2584 1011 2635 per
1055 2565 1328 2619 invidiam
1374 2586 1408 2619 a
1454 2567 1672 2620 bonziis
1718 2566 1776 2619 in
1823 2586 1929 2620 nos

303 2651 394 2705 illa
433 2655 658 2723 jactari.

373 2742 485 2794 Diu
538 2761 604 2794 ac
658 2741 899 2794 multum
952 2740 1009 2792 in
1059 2741 1306 2811 Japonia
1360 2741 1642 2794 elaboravi
1689 2748 1751 2794 ut
1805 2759 1924 2794 om-

298 2828 463 2882 nibus
501 2830 755 2900 vestigiis
795 2830 1143 2898 indagarem,
1186 2830 1485 2898 ecquando
1523 2828 1754 2900 Japonii
1784 2831 1921 2900 Jesu

298 2915 511 2971 Christi
555 2917 820 2971 notitiam
863 2915 1183 2979 habuerint,
1228 2917 1574 2986 demumque
1616 2935 1683 2969 ex
1725 2934 1921 2969 eorum

293 3001 495 3059 litteris
556 3025 622 3059 ac
683 3023 944 3058 sermone
1009 3004 1260 3073 comperi
1322 3004 1461 3057 nihil
1525 3004 1762 3058 omnino
1822 3021 1921 3058 eos

292 3091 362 3144 de
421 3093 652 3147 Christo
709 3092 1013 3146 inaudisse.
1103 3093 1490 3162 Cangoximae,
1551 3093 1646 3146 ubi
1703 3110 1916 3147 annum

291 3181 629 3236 commorati
675 3197 889 3243 sumuS,
942 3178 1320 3233 animadverti
1373 3179 1626 3249 regulum
1680 3180 1915 3250 ejusque

2539 2625 2545 2680 „nm
2532 2583 2542 2616 a.»
2535 2440 2544 2569 „„„„„‘,„„,
2530 2288 2548 2351 »ἠέ

1510 3430 1579 3489 13
