2639 3798
769 479 950 515 LIBER
989 478 1066 514 VI.
1089 478 1473 517 —EPISTOLA
1513 478 1585 517 IX.
1917 479 1982 535 71

370 637 560 676 versas
599 616 942 670 moderatori
973 623 1072 668 tuo
1112 617 1352 669 enuncia
1366 637 1378 680 ;
1430 618 1655 672 unicam
1695 637 1820 673 eam
1863 635 1986 674 esse

370 705 584 762 vitandi
649 722 719 757 ne
782 703 850 756 iis
932 703 1267 756 succumbas
1331 704 1608 759 rationem
1670 704 1984 760 certissime

369 810 686 863 persuasus.
767 792 977 844 Praeter
1018 809 1186 860 quarn
1241 792 1562 856 utilitatem,
1609 792 1757 846 inest
1809 792 1981 847 etiam

371 895 608 948 magnus
659 876 833 928 animi
885 883 1136 944 quaestus
1187 877 1279 930 isti
1326 879 1716 948 perspicuitati
1769 878 1982 931 fatendi

371 972 557 1019 motus
625 979 864 1017 arcanos
916 962 1128 1014 cordis:
1189 980 1394 1031 magna
1447 964 1599 1016 enim
1651 972 1708 1017 et
1761 981 1981 1033 magnae

369 1049 641 1107 mercedis
692 1049 895 1118 pignus
939 1048 1194 1112 afferenS,
1242 1066 1342 1117 per
1386 1068 1511 1102 eam
1558 1050 1732 1103 initur
1776 1070 1809 1102 a
1856 1051 1980 1103 Deo

365 1138 561 1208 gratia,
614 1143 845 1205 propter
894 1134 1233 1187 laboriosam
1286 1135 1617 1205 plerumque
1679 1137 1977 1200 victoriam

367 1222 635 1278 naturalis
677 1221 908 1290 pudoris
922 1237 935 1281 ;
993 1238 1200 1288 magna
1242 1222 1412 1274 etiam
1457 1222 1669 1274 securis
1711 1222 1982 1291 infligitur

367 1310 572 1379 spebus
625 1315 682 1361 et
737 1305 1022 1359 insidiosis
1075 1303 1591 1360 machinationibus
1635 1307 1817 1362 hostis
1870 1316 1981 1362 tar-

365 1391 520 1455 tarei,
565 1389 725 1458 cujus
767 1388 1053 1456 praecipua
1096 1390 1335 1442 nocendi
1378 1390 1618 1442 facultas
1654 1390 1712 1442 in
1749 1390 1978 1444 latendo

365 1479 488 1541 sita,
531 1484 853 1529 exarmatur
892 1474 938 1525 si
977 1473 1321 1540 pertrahitur
1358 1474 1414 1528 in
1455 1474 1657 1539 lucem,
1697 1476 1978 1546 planeque

364 1564 482 1633 ipse
508 1561 784 1631 perversis
824 1561 940 1613 suis
979 1561 1191 1629 optatis
1230 1560 1512 1624 excidenS‚
1543 1560 1610 1614 iis
1638 1560 1793 1630 ipsis,
1835 1578 1978 1631 quos

365 1651 647 1722 captabat,
676 1647 1052 1702 incolumibus
1079 1654 1134 1701 et
1162 1648 1375 1701 securis
1401 1648 1643 1702 ludibrio
1670 1657 1774 1702 est.
1816 1649 1974 1703 Vale.

436 1739 502 1793 In
532 1737 738 1793 sacello
781 1738 1008 1790 Sanctae
1054 1735 1249 1788 Mariae
1278 1736 1347 1787 de
1393 1735 1590 1789 Monte
1632 1754 1808 1805 prope
1857 1737 1974 1790 Ma-

362 1827 560 1890 lacam,
614 1831 781 1878 nocte
833 1841 957 1892 quae
1009 1824 1160 1878 diem
1212 1825 1481 1894 praecedit
1535 1824 1727 1876 Natali
1782 1824 1977 1877 Sancti

359 1915 597 1985 Joannis
661 1913 939 1982 Baptistae
997 1930 1220 1964 sacrum
1279 1912 1386 1964 An.
1449 1912 1787 1977 MDXLIX,
1846 1930 1976 1966 mox

360 2001 641 2055 soluturus
667 2017 861 2053 versus
892 2002 1191 2070 Japonem.

429 2146 536 2199 Tui
564 2164 763 2198 amans
792 2164 858 2197 ex
885 2145 1094 2197 animo.

1503 2290 1899 2344 FRANCISCUS.

836 2820 875 2843 5)
