<?xml version="1.0" encoding="UTF-8"?>
<!DOCTYPE html PUBLIC "-//W3C//DTD XHTML 1.0 Transitional//EN"
    "http://www.w3.org/TR/xhtml1/DTD/xhtml1-transitional.dtd">
<html xmlns="http://www.w3.org/1999/xhtml" xml:lang="en" lang="en">
 <head>
  <title>
</title>
<meta http-equiv="Content-Type" content="text/html;charset=utf-8" />
  <meta name='ocr-system' content='tesseract 3.04.00' />
  <meta name='ocr-capabilities' content='ocr_page ocr_carea ocr_par ocr_line ocrx_word'/>
</head>
<body>
  <div class='ocr_page' id='page_1' title='image "./pts_epistolae_3720-0638_v2/pts_epistolae_3720-0638_v2_0146.png"; bbox 0 0 2639 3798; ppageno 0'>
   <div class='ocr_carea' id='block_1_1' title="bbox 0 0 2639 438">
    <p class='ocr_par' dir='ltr' id='par_1_1' title="bbox 0 0 2639 438">
     <span class='ocr_line' id='line_1_1' title="bbox 0 0 2639 438; baseline 0 -25"><span class='ocrx_word' id='word_1_1' title='bbox 0 0 2639 438; x_wconf 95' lang='lat' dir='ltr'>    </span> <span class='ocrx_word' id='word_1_2' title='bbox 1905 329 2639 413; x_wconf 95' lang='lat' dir='ltr'>  </span> 
     </span>
    </p>
   </div>
   <div class='ocr_carea' id='block_1_2' title="bbox 677 355 1905 411">
    <p class='ocr_par' dir='ltr' id='par_1_2' title="bbox 677 355 1905 411">
     <span class='ocr_line' id='line_1_2' title="bbox 677 355 1905 411; baseline 0.002 -18"><span class='ocrx_word' id='word_1_3' title='bbox 677 355 862 393; x_wconf 87' lang='lat' dir='ltr'><strong>LIBER</strong></span> <span class='ocrx_word' id='word_1_4' title='bbox 900 357 1003 393; x_wconf 93' lang='lat' dir='ltr'>VII.</span> <span class='ocrx_word' id='word_1_5' title='bbox 1026 372 1097 378; x_wconf 89' lang='lat'>—</span> <span class='ocrx_word' id='word_1_6' title='bbox 1120 357 1413 394; x_wconf 87' lang='lat' dir='ltr'>EPISTOLA</span> <span class='ocrx_word' id='word_1_7' title='bbox 1451 357 1505 393; x_wconf 89' lang='lat' dir='ltr'>V.</span> <span class='ocrx_word' id='word_1_8' title='bbox 1803 356 1905 411; x_wconf 79' lang='lat'>137</span> 
     </span>
    </p>
   </div>
   <div class='ocr_carea' id='block_1_3' title="bbox 0 413 2639 611">
    <p class='ocr_par' dir='ltr' id='par_1_3' title="bbox 0 413 2639 611">
     <span class='ocr_line' id='line_1_3' title="bbox 0 413 2639 611; baseline 0 -173"><span class='ocrx_word' id='word_1_9' title='bbox 0 438 82 611; x_wconf 95' lang='lat' dir='ltr'> </span> <span class='ocrx_word' id='word_1_10' title='bbox 2446 413 2639 438; x_wconf 95' lang='lat' dir='ltr'> </span> 
     </span>
    </p>
   </div>
   <div class='ocr_carea' id='block_1_4' title="bbox 271 492 1914 3169">
    <p class='ocr_par' dir='ltr' id='par_1_4' title="bbox 271 492 1904 1695">
     <span class='ocr_line' id='line_1_4' title="bbox 348 492 1904 565; baseline 0.001 -18"><span class='ocrx_word' id='word_1_11' title='bbox 348 492 570 547; x_wconf 89' lang='lat' dir='ltr'>Videtis</span> <span class='ocrx_word' id='word_1_12' title='bbox 610 493 704 562; x_wconf 88' lang='lat' dir='ltr'>qui</span> <span class='ocrx_word' id='word_1_13' title='bbox 747 501 878 547; x_wconf 90' lang='lat' dir='ltr'>sunt</span> <span class='ocrx_word' id='word_1_14' title='bbox 920 494 1045 548; x_wconf 85' lang='lat' dir='ltr'>istic</span> <span class='ocrx_word' id='word_1_15' title='bbox 1107 495 1395 564; x_wconf 88' lang='lat' dir='ltr'>ocupletes</span> <span class='ocrx_word' id='word_1_16' title='bbox 1437 496 1746 559; x_wconf 87' lang='lat' dir='ltr'>institores,</span> <span class='ocrx_word' id='word_1_17' title='bbox 1778 514 1904 565; x_wconf 85' lang='lat' dir='ltr'>quae</span> 
     </span>
     <span class='ocr_line' id='line_1_5' title="bbox 272 581 1901 652; baseline -0.001 -17"><span class='ocrx_word' id='word_1_18' title='bbox 272 581 585 644; x_wconf 79' lang='lat' dir='ltr'>facultateS,</span> <span class='ocrx_word' id='word_1_19' title='bbox 631 601 756 649; x_wconf 87' lang='lat' dir='ltr'>quae</span> <span class='ocrx_word' id='word_1_20' title='bbox 799 589 932 634; x_wconf 88' lang='lat' dir='ltr'>vota</span> <span class='ocrx_word' id='word_1_21' title='bbox 976 581 1353 650; x_wconf 85' lang='lat' dir='ltr'>singulorum:</span> <span class='ocrx_word' id='word_1_22' title='bbox 1405 583 1606 635; x_wconf 88' lang='lat' dir='ltr'>horum</span> <span class='ocrx_word' id='word_1_23' title='bbox 1653 584 1901 652; x_wconf 91' lang='lat' dir='ltr'>cuipiam</span> 
     </span>
     <span class='ocr_line' id='line_1_6' title="bbox 271 669 1896 739; baseline 0 -16"><span class='ocrx_word' id='word_1_24' title='bbox 271 679 330 723; x_wconf 91' lang='lat' dir='ltr'>ut</span> <span class='ocrx_word' id='word_1_25' title='bbox 376 670 608 721; x_wconf 88' lang='lat' dir='ltr'>salivam</span> <span class='ocrx_word' id='word_1_26' title='bbox 666 669 919 737; x_wconf 89' lang='lat' dir='ltr'>japonici</span> <span class='ocrx_word' id='word_1_27' title='bbox 966 678 1217 737; x_wconf 75' lang='lat' dir='ltr'>quaestus</span> <span class='ocrx_word' id='word_1_28' title='bbox 1264 670 1559 733; x_wconf 83' lang='lat' dir='ltr'>moveatiS,</span> <span class='ocrx_word' id='word_1_29' title='bbox 1608 670 1896 739; x_wconf 80' lang='lat' dir='ltr'>religionis</span> 
     </span>
     <span class='ocr_line' id='line_1_7' title="bbox 271 758 1898 828; baseline -0.001 -15"><span class='ocrx_word' id='word_1_30' title='bbox 271 759 584 813; x_wconf 89' lang='lat' dir='ltr'>rationibus</span> <span class='ocrx_word' id='word_1_31' title='bbox 627 776 777 811; x_wconf 88' lang='lat' dir='ltr'>nunc</span> <span class='ocrx_word' id='word_1_32' title='bbox 821 758 1015 811; x_wconf 90' lang='lat' dir='ltr'>utilem</span> <span class='ocrx_word' id='word_1_33' title='bbox 1060 759 1272 823; x_wconf 85' lang='lat' dir='ltr'>offerte,</span> <span class='ocrx_word' id='word_1_34' title='bbox 1305 760 1419 811; x_wconf 87' lang='lat' dir='ltr'>imo</span> <span class='ocrx_word' id='word_1_35' title='bbox 1449 767 1504 811; x_wconf 89' lang='lat' dir='ltr'>et</span> <span class='ocrx_word' id='word_1_36' title='bbox 1534 759 1898 828; x_wconf 88' lang='lat' dir='ltr'>quibuscum-</span> 
     </span>
     <span class='ocr_line' id='line_1_8' title="bbox 272 845 1898 915; baseline 0 -18"><span class='ocrx_word' id='word_1_37' title='bbox 272 865 377 915; x_wconf 85' lang='lat' dir='ltr'>que</span> <span class='ocrx_word' id='word_1_38' title='bbox 418 845 772 898; x_wconf 82' lang='lat' dir='ltr'>conducibile</span> <span class='ocrx_word' id='word_1_39' title='bbox 800 846 1047 909; x_wconf 85' lang='lat' dir='ltr'>creditis,</span> <span class='ocrx_word' id='word_1_40' title='bbox 1079 865 1246 915; x_wconf 90' lang='lat' dir='ltr'>quem</span> <span class='ocrx_word' id='word_1_41' title='bbox 1276 847 1364 899; x_wconf 79' lang='lat' dir='ltr'>his</span> <span class='ocrx_word' id='word_1_42' title='bbox 1392 848 1724 915; x_wconf 89' lang='lat' dir='ltr'>adjunctum</span> <span class='ocrx_word' id='word_1_43' title='bbox 1771 847 1898 898; x_wconf 93' lang='lat' dir='ltr'>mit-</span> 
     </span>
     <span class='ocr_line' id='line_1_9' title="bbox 271 931 1900 1002; baseline -0.002 -15"><span class='ocrx_word' id='word_1_44' title='bbox 271 943 348 996; x_wconf 89' lang='lat' dir='ltr'>t0,</span> <span class='ocrx_word' id='word_1_45' title='bbox 393 931 715 1000; x_wconf 78' lang='lat' dir='ltr'>catalogum</span> <span class='ocrx_word' id='word_1_46' title='bbox 760 933 1032 986; x_wconf 91' lang='lat' dir='ltr'>mercium</span> <span class='ocrx_word' id='word_1_47' title='bbox 1078 951 1285 1002; x_wconf 91' lang='lat' dir='ltr'>magno</span> <span class='ocrx_word' id='word_1_48' title='bbox 1328 933 1420 986; x_wconf 86' lang='lat' dir='ltr'>hic</span> <span class='ocrx_word' id='word_1_49' title='bbox 1464 933 1660 986; x_wconf 83' lang='lat' dir='ltr'>statim</span> <span class='ocrx_word' id='word_1_50' title='bbox 1707 934 1900 986; x_wconf 88' lang='lat' dir='ltr'>vendi-</span> 
     </span>
     <span class='ocr_line' id='line_1_10' title="bbox 272 1019 1902 1087; baseline 0.001 -16"><span class='ocrx_word' id='word_1_51' title='bbox 272 1020 470 1077; x_wconf 68' lang='lat' dir='ltr'>biliuro</span> <span class='ocrx_word' id='word_1_52' title='bbox 510 1019 712 1087; x_wconf 90' lang='lat' dir='ltr'>quibus</span> <span class='ocrx_word' id='word_1_53' title='bbox 746 1019 872 1070; x_wconf 89' lang='lat' dir='ltr'>istic</span> <span class='ocrx_word' id='word_1_54' title='bbox 915 1020 1251 1072; x_wconf 88' lang='lat' dir='ltr'>abundatur.</span> <span class='ocrx_word' id='word_1_55' title='bbox 1335 1022 1556 1072; x_wconf 91' lang='lat' dir='ltr'>Harum</span> <span class='ocrx_word' id='word_1_56' title='bbox 1602 1037 1902 1072; x_wconf 90' lang='lat' dir='ltr'>numerum</span> 
     </span>
     <span class='ocr_line' id='line_1_11' title="bbox 273 1104 1903 1177; baseline -0.001 -15"><span class='ocrx_word' id='word_1_57' title='bbox 273 1109 498 1177; x_wconf 83' lang='lat' dir='ltr'><strong>congeri</strong></span> <span class='ocrx_word' id='word_1_58' title='bbox 545 1126 713 1176; x_wconf 89' lang='lat' dir='ltr'>quam</span> <span class='ocrx_word' id='word_1_59' title='bbox 761 1107 1071 1158; x_wconf 82' lang='lat' dir='ltr'>maximum</span> <span class='ocrx_word' id='word_1_60' title='bbox 1120 1115 1407 1176; x_wconf 78' lang='lat' dir='ltr'>oporteret</span> <span class='ocrx_word' id='word_1_61' title='bbox 1452 1106 1509 1160; x_wconf 92' lang='lat' dir='ltr'>in</span> <span class='ocrx_word' id='word_1_62' title='bbox 1553 1105 1745 1160; x_wconf 90' lang='lat' dir='ltr'>navim</span> <span class='ocrx_word' id='word_1_63' title='bbox 1791 1104 1903 1161; x_wconf 90' lang='lat' dir='ltr'>huc</span> 
     </span>
     <span class='ocr_line' id='line_1_12' title="bbox 274 1193 1903 1263; baseline -0.001 -16"><span class='ocrx_word' id='word_1_64' title='bbox 274 1195 629 1257; x_wconf 89' lang='lat' dir='ltr'>mittendam,</span> <span class='ocrx_word' id='word_1_65' title='bbox 686 1195 846 1262; x_wconf 88' lang='lat' dir='ltr'>cujus</span> <span class='ocrx_word' id='word_1_66' title='bbox 899 1195 1163 1246; x_wconf 87' lang='lat' dir='ltr'>dominus</span> <span class='ocrx_word' id='word_1_67' title='bbox 1210 1195 1254 1246; x_wconf 90' lang='lat' dir='ltr'>si</span> <span class='ocrx_word' id='word_1_68' title='bbox 1301 1195 1553 1263; x_wconf 84' lang='lat' dir='ltr'>pigretur</span> <span class='ocrx_word' id='word_1_69' title='bbox 1599 1214 1658 1246; x_wconf 93' lang='lat' dir='ltr'>se</span> <span class='ocrx_word' id='word_1_70' title='bbox 1707 1193 1903 1247; x_wconf 89' lang='lat' dir='ltr'>discri-</span> 
     </span>
     <span class='ocr_line' id='line_1_13' title="bbox 273 1280 1900 1351; baseline 0 -18"><span class='ocrx_word' id='word_1_71' title='bbox 273 1281 410 1334; x_wconf 88' lang='lat' dir='ltr'><strong>mini</strong></span> <span class='ocrx_word' id='word_1_72' title='bbox 462 1280 839 1343; x_wconf 85' lang='lat' dir='ltr'>committere,</span> <span class='ocrx_word' id='word_1_73' title='bbox 894 1288 1321 1349; x_wconf 86' lang='lat' dir='ltr'>procuratorem</span> <span class='ocrx_word' id='word_1_74' title='bbox 1377 1281 1427 1335; x_wconf 93' lang='lat' dir='ltr'>ei</span> <span class='ocrx_word' id='word_1_75' title='bbox 1479 1281 1755 1351; x_wconf 88' lang='lat' dir='ltr'>praeficiat</span> <span class='ocrx_word' id='word_1_76' title='bbox 1810 1281 1900 1334; x_wconf 91' lang='lat' dir='ltr'>cui</span> 
     </span>
     <span class='ocr_line' id='line_1_14' title="bbox 272 1368 1898 1434; baseline -0.001 -14"><span class='ocrx_word' id='word_1_77' title='bbox 272 1377 422 1420; x_wconf 89' lang='lat' dir='ltr'>recte</span> <span class='ocrx_word' id='word_1_78' title='bbox 463 1368 601 1418; x_wconf 88' lang='lat' dir='ltr'>fidat</span> <span class='ocrx_word' id='word_1_79' title='bbox 617 1386 628 1427; x_wconf 83' lang='lat'><em>3</em></span> <span class='ocrx_word' id='word_1_80' title='bbox 688 1386 793 1418; x_wconf 92' lang='lat' dir='ltr'>nos</span> <span class='ocrx_word' id='word_1_81' title='bbox 846 1386 1070 1434; x_wconf 87' lang='lat' dir='ltr'>quoque</span> <span class='ocrx_word' id='word_1_82' title='bbox 1115 1387 1217 1434; x_wconf 92' lang='lat' dir='ltr'>pro</span> <span class='ocrx_word' id='word_1_83' title='bbox 1262 1368 1404 1420; x_wconf 88' lang='lat' dir='ltr'>virili</span> <span class='ocrx_word' id='word_1_84' title='bbox 1453 1368 1781 1421; x_wconf 90' lang='lat' dir='ltr'>annitemur</span> <span class='ocrx_word' id='word_1_85' title='bbox 1827 1368 1898 1420; x_wconf 91' lang='lat' dir='ltr'>ad</span> 
     </span>
     <span class='ocr_line' id='line_1_15' title="bbox 273 1453 1898 1524; baseline -0.001 -17"><span class='ocrx_word' id='word_1_86' title='bbox 273 1455 693 1524; x_wconf 90' lang='lat' dir='ltr'>cooperandum</span> <span class='ocrx_word' id='word_1_87' title='bbox 747 1453 874 1505; x_wconf 87' lang='lat' dir='ltr'>citae</span> <span class='ocrx_word' id='word_1_88' title='bbox 921 1453 1276 1506; x_wconf 79' lang='lat' dir='ltr'>distractioni</span> <span class='ocrx_word' id='word_1_89' title='bbox 1330 1472 1516 1506; x_wconf 85' lang='lat' dir='ltr'>rerum</span> <span class='ocrx_word' id='word_1_90' title='bbox 1571 1460 1898 1521; x_wconf 89' lang='lat' dir='ltr'>apportata-</span> 
     </span>
     <span class='ocr_line' id='line_1_16' title="bbox 273 1539 1902 1610; baseline 0 -17"><span class='ocrx_word' id='word_1_91' title='bbox 273 1558 422 1603; x_wconf 80' lang='lat' dir='ltr'>rum3</span> <span class='ocrx_word' id='word_1_92' title='bbox 480 1550 535 1593; x_wconf 88' lang='lat' dir='ltr'>et</span> <span class='ocrx_word' id='word_1_93' title='bbox 577 1559 679 1609; x_wconf 93' lang='lat' dir='ltr'>pro</span> <span class='ocrx_word' id='word_1_94' title='bbox 725 1541 991 1610; x_wconf 72' lang='lat' dir='ltr'>praesenti</span> <span class='ocrx_word' id='word_1_95' title='bbox 1039 1541 1243 1592; x_wconf 84' lang='lat' dir='ltr'>notitia</span> <span class='ocrx_word' id='word_1_96' title='bbox 1296 1541 1646 1609; x_wconf 78' lang='lat' dir='ltr'>spondemus</span> <span class='ocrx_word' id='word_1_97' title='bbox 1700 1539 1902 1607; x_wconf 83' lang='lat' dir='ltr'>ingens</span> 
     </span>
     <span class='ocr_line' id='line_1_17' title="bbox 273 1627 1411 1695; baseline 0.001 -17"><span class='ocrx_word' id='word_1_98' title='bbox 273 1627 437 1695; x_wconf 92' lang='lat' dir='ltr'>plane</span> <span class='ocrx_word' id='word_1_99' title='bbox 466 1627 546 1678; x_wconf 87' lang='lat' dir='ltr'>sic</span> <span class='ocrx_word' id='word_1_100' title='bbox 575 1628 890 1694; x_wconf 78' lang='lat' dir='ltr'>negotianti</span> <span class='ocrx_word' id='word_1_101' title='bbox 918 1628 1137 1680; x_wconf 90' lang='lat' dir='ltr'>lucrum</span> <span class='ocrx_word' id='word_1_102' title='bbox 1167 1629 1411 1680; x_wconf 85' lang='lat' dir='ltr'>ostendi.</span> 
     </span>
    </p>

    <p class='ocr_par' dir='ltr' id='par_1_5' title="bbox 273 1712 1911 2563">
     <span class='ocr_line' id='line_1_18' title="bbox 346 1712 1900 1782; baseline -0.001 -16"><span class='ocrx_word' id='word_1_103' title='bbox 346 1715 489 1767; x_wconf 88' lang='lat' dir='ltr'>Haec</span> <span class='ocrx_word' id='word_1_104' title='bbox 542 1713 588 1766; x_wconf 90' lang='lat' dir='ltr'>si</span> <span class='ocrx_word' id='word_1_105' title='bbox 634 1721 766 1782; x_wconf 86' lang='lat' dir='ltr'>apte</span> <span class='ocrx_word' id='word_1_106' title='bbox 819 1713 876 1765; x_wconf 93' lang='lat' dir='ltr'>in</span> <span class='ocrx_word' id='word_1_107' title='bbox 928 1721 1183 1782; x_wconf 91' lang='lat' dir='ltr'>tempore</span> <span class='ocrx_word' id='word_1_108' title='bbox 1237 1713 1439 1782; x_wconf 83' lang='lat' dir='ltr'>quibus</span> <span class='ocrx_word' id='word_1_109' title='bbox 1492 1720 1718 1781; x_wconf 87' lang='lat' dir='ltr'>oportet</span> <span class='ocrx_word' id='word_1_110' title='bbox 1773 1712 1900 1764; x_wconf 90' lang='lat' dir='ltr'>alle-</span> 
     </span>
     <span class='ocr_line' id='line_1_19' title="bbox 273 1799 1903 1868; baseline 0 -17"><span class='ocrx_word' id='word_1_111' title='bbox 273 1800 554 1866; x_wconf 88' lang='lat' dir='ltr'>gaveritis,</span> <span class='ocrx_word' id='word_1_112' title='bbox 603 1800 805 1852; x_wconf 84' lang='lat' dir='ltr'>existet</span> <span class='ocrx_word' id='word_1_113' title='bbox 852 1819 1056 1867; x_wconf 93' lang='lat' dir='ltr'>nempe</span> <span class='ocrx_word' id='word_1_114' title='bbox 1103 1801 1197 1868; x_wconf 89' lang='lat' dir='ltr'>qui</span> <span class='ocrx_word' id='word_1_115' title='bbox 1226 1801 1502 1853; x_wconf 84' lang='lat' dir='ltr'>excitetur</span> <span class='ocrx_word' id='word_1_116' title='bbox 1548 1799 1759 1852; x_wconf 90' lang='lat' dir='ltr'>indicio</span> <span class='ocrx_word' id='word_1_117' title='bbox 1805 1819 1903 1868; x_wconf 90' lang='lat' dir='ltr'>pa-</span> 
     </span>
     <span class='ocr_line' id='line_1_20' title="bbox 274 1885 1900 1959; baseline -0.001 -22"><span class='ocrx_word' id='word_1_118' title='bbox 274 1885 461 1938; x_wconf 84' lang='lat' dir='ltr'>rabilis</span> <span class='ocrx_word' id='word_1_119' title='bbox 505 1885 755 1959; x_wconf 81' lang='lat' dir='ltr'>thesauri</span> <span class='ocrx_word' id='word_1_120' title='bbox 799 1886 871 1937; x_wconf 88' lang='lat' dir='ltr'>ad</span> <span class='ocrx_word' id='word_1_121' title='bbox 914 1885 1136 1955; x_wconf 88' lang='lat' dir='ltr'>quidvis</span> <span class='ocrx_word' id='word_1_122' title='bbox 1180 1904 1282 1953; x_wconf 90' lang='lat' dir='ltr'>pro</span> <span class='ocrx_word' id='word_1_123' title='bbox 1326 1904 1424 1953; x_wconf 87' lang='lat' dir='ltr'>spe</span> <span class='ocrx_word' id='word_1_124' title='bbox 1467 1885 1566 1937; x_wconf 91' lang='lat' dir='ltr'>tali</span> <span class='ocrx_word' id='word_1_125' title='bbox 1609 1885 1900 1955; x_wconf 86' lang='lat' dir='ltr'>paciscen-</span> 
     </span>
     <span class='ocr_line' id='line_1_21' title="bbox 273 1970 1911 2041; baseline -0.001 -17"><span class='ocrx_word' id='word_1_126' title='bbox 273 1971 423 2024; x_wconf 90' lang='lat' dir='ltr'>dum.</span> <span class='ocrx_word' id='word_1_127' title='bbox 501 1972 731 2025; x_wconf 89' lang='lat' dir='ltr'>Actum</span> <span class='ocrx_word' id='word_1_128' title='bbox 767 1972 1075 2041; x_wconf 90' lang='lat' dir='ltr'>periculum</span> <span class='ocrx_word' id='word_1_129' title='bbox 1118 1990 1232 2024; x_wconf 90' lang='lat' dir='ltr'>non</span> <span class='ocrx_word' id='word_1_130' title='bbox 1274 1973 1378 2024; x_wconf 93' lang='lat' dir='ltr'>erit</span> <span class='ocrx_word' id='word_1_131' title='bbox 1408 1990 1478 2023; x_wconf 92' lang='lat' dir='ltr'>ne</span> <span class='ocrx_word' id='word_1_132' title='bbox 1510 1971 1669 2023; x_wconf 89' lang='lat' dir='ltr'>navis</span> <span class='ocrx_word' id='word_1_133' title='bbox 1710 1970 1911 2039; x_wconf 83' lang='lat' dir='ltr'>minus</span> 
     </span>
     <span class='ocr_line' id='line_1_22' title="bbox 274 2059 1906 2128; baseline 0 -18"><span class='ocrx_word' id='word_1_134' title='bbox 274 2059 434 2111; x_wconf 91' lang='lat' dir='ltr'>firma</span> <span class='ocrx_word' id='word_1_135' title='bbox 462 2059 758 2128; x_wconf 77' lang='lat' dir='ltr'>deligatur.</span> <span class='ocrx_word' id='word_1_136' title='bbox 813 2061 959 2113; x_wconf 88' lang='lat' dir='ltr'>Eam</span> <span class='ocrx_word' id='word_1_137' title='bbox 991 2059 1203 2128; x_wconf 90' lang='lat' dir='ltr'>utique,</span> <span class='ocrx_word' id='word_1_138' title='bbox 1234 2059 1322 2113; x_wconf 89' lang='lat' dir='ltr'>cui</span> <span class='ocrx_word' id='word_1_139' title='bbox 1351 2066 1574 2112; x_wconf 80' lang='lat' dir='ltr'>tantam</span> <span class='ocrx_word' id='word_1_140' title='bbox 1604 2076 1723 2111; x_wconf 92' lang='lat' dir='ltr'>rem</span> <span class='ocrx_word' id='word_1_141' title='bbox 1753 2075 1906 2111; x_wconf 90' lang='lat' dir='ltr'>com-</span> 
     </span>
     <span class='ocr_line' id='line_1_23' title="bbox 274 2146 1907 2210; baseline 0 -12"><span class='ocrx_word' id='word_1_142' title='bbox 274 2146 501 2199; x_wconf 88' lang='lat' dir='ltr'>mittent</span> <span class='ocrx_word' id='word_1_143' title='bbox 554 2165 735 2210; x_wconf 90' lang='lat' dir='ltr'>suam,</span> <span class='ocrx_word' id='word_1_144' title='bbox 782 2147 869 2200; x_wconf 87' lang='lat' dir='ltr'>vel</span> <span class='ocrx_word' id='word_1_145' title='bbox 923 2148 1178 2200; x_wconf 91' lang='lat' dir='ltr'>omnium</span> <span class='ocrx_word' id='word_1_146' title='bbox 1232 2146 1735 2200; x_wconf 87' lang='lat' dir='ltr'>instructissimam</span> <span class='ocrx_word' id='word_1_147' title='bbox 1793 2154 1907 2199; x_wconf 87' lang='lat' dir='ltr'>stu-</span> 
     </span>
     <span class='ocr_line' id='line_1_24' title="bbox 274 2232 1905 2303; baseline 0 -19"><span class='ocrx_word' id='word_1_148' title='bbox 274 2232 485 2287; x_wconf 90' lang='lat' dir='ltr'>debunt</span> <span class='ocrx_word' id='word_1_149' title='bbox 539 2252 679 2298; x_wconf 90' lang='lat' dir='ltr'>esse,</span> <span class='ocrx_word' id='word_1_150' title='bbox 735 2234 875 2286; x_wconf 90' lang='lat' dir='ltr'>nihil</span> <span class='ocrx_word' id='word_1_151' title='bbox 931 2252 1080 2287; x_wconf 87' lang='lat' dir='ltr'>curae</span> <span class='ocrx_word' id='word_1_152' title='bbox 1144 2252 1210 2287; x_wconf 90' lang='lat' dir='ltr'>ac</span> <span class='ocrx_word' id='word_1_153' title='bbox 1267 2234 1518 2303; x_wconf 90' lang='lat' dir='ltr'>sumptui</span> <span class='ocrx_word' id='word_1_154' title='bbox 1569 2240 1905 2303; x_wconf 15' lang='lat' dir='ltr'>*parcentem</span> 
     </span>
     <span class='ocr_line' id='line_1_25' title="bbox 274 2319 1904 2391; baseline 0 -21"><span class='ocrx_word' id='word_1_155' title='bbox 274 2335 374 2372; x_wconf 87' lang='lat' dir='ltr'>nos</span> <span class='ocrx_word' id='word_1_156' title='bbox 414 2339 548 2374; x_wconf 89' lang='lat' dir='ltr'>vero</span> <span class='ocrx_word' id='word_1_157' title='bbox 591 2321 671 2374; x_wconf 91' lang='lat' dir='ltr'>sic</span> <span class='ocrx_word' id='word_1_158' title='bbox 714 2340 1130 2391; x_wconf 90' lang='lat' dir='ltr'>consequemur</span> <span class='ocrx_word' id='word_1_159' title='bbox 1164 2329 1223 2373; x_wconf 91' lang='lat' dir='ltr'>ut</span> <span class='ocrx_word' id='word_1_160' title='bbox 1256 2339 1548 2389; x_wconf 88' lang='lat' dir='ltr'>praecones</span> <span class='ocrx_word' id='word_1_161' title='bbox 1593 2319 1904 2388; x_wconf 83' lang='lat' dir='ltr'>evangelici</span> 
     </span>
     <span class='ocr_line' id='line_1_26' title="bbox 273 2405 1902 2477; baseline 0.001 -20"><span class='ocrx_word' id='word_1_162' title='bbox 273 2406 454 2459; x_wconf 91' lang='lat' dir='ltr'>eidem</span> <span class='ocrx_word' id='word_1_163' title='bbox 495 2409 746 2477; x_wconf 88' lang='lat' dir='ltr'>impositi</span> <span class='ocrx_word' id='word_1_164' title='bbox 787 2409 1011 2477; x_wconf 88' lang='lat' dir='ltr'>navigio</span> <span class='ocrx_word' id='word_1_165' title='bbox 1052 2428 1223 2477; x_wconf 87' lang='lat' dir='ltr'>quam</span> <span class='ocrx_word' id='word_1_166' title='bbox 1252 2416 1440 2476; x_wconf 86' lang='lat' dir='ltr'>potest</span> <span class='ocrx_word' id='word_1_167' title='bbox 1469 2407 1588 2459; x_wconf 90' lang='lat' dir='ltr'>fieri</span> <span class='ocrx_word' id='word_1_168' title='bbox 1617 2405 1902 2460; x_wconf 90' lang='lat' dir='ltr'>tutissime</span> 
     </span>
     <span class='ocr_line' id='line_1_27' title="bbox 275 2497 1201 2563; baseline 0.002 -19"><span class='ocrx_word' id='word_1_169' title='bbox 275 2509 383 2559; x_wconf 92' lang='lat' dir='ltr'>quo</span> <span class='ocrx_word' id='word_1_170' title='bbox 412 2512 564 2547; x_wconf 91' lang='lat' dir='ltr'>nunc</span> <span class='ocrx_word' id='word_1_171' title='bbox 593 2513 735 2563; x_wconf 85' lang='lat' dir='ltr'>opus</span> <span class='ocrx_word' id='word_1_172' title='bbox 763 2504 849 2547; x_wconf 88' lang='lat' dir='ltr'>est</span> <span class='ocrx_word' id='word_1_173' title='bbox 880 2497 1201 2547; x_wconf 87' lang='lat' dir='ltr'>mittantur.</span> 
     </span>
    </p>

    <p class='ocr_par' dir='ltr' id='par_1_6' title="bbox 274 2573 1914 3169">
     <span class='ocr_line' id='line_1_28' title="bbox 346 2573 1902 2650; baseline -0.001 -19"><span class='ocrx_word' id='word_1_174' title='bbox 346 2573 542 2633; x_wconf 88' lang='lat' dir='ltr'>Habes</span> <span class='ocrx_word' id='word_1_175' title='bbox 584 2582 991 2650; x_wconf 90' lang='lat' dir='ltr'>cogitationem</span> <span class='ocrx_word' id='word_1_176' title='bbox 1037 2600 1223 2633; x_wconf 90' lang='lat' dir='ltr'>meam</span> <span class='ocrx_word' id='word_1_177' title='bbox 1268 2582 1336 2632; x_wconf 94' lang='lat' dir='ltr'>de</span> <span class='ocrx_word' id='word_1_178' title='bbox 1382 2581 1553 2632; x_wconf 90' lang='lat' dir='ltr'>modo</span> <span class='ocrx_word' id='word_1_179' title='bbox 1595 2597 1902 2647; x_wconf 91' lang='lat' dir='ltr'>procuran-</span> 
     </span>
     <span class='ocr_line' id='line_1_29' title="bbox 275 2664 1902 2736; baseline 0.001 -20"><span class='ocrx_word' id='word_1_180' title='bbox 275 2664 328 2716; x_wconf 93' lang='lat' dir='ltr'>di</span> <span class='ocrx_word' id='word_1_181' title='bbox 387 2667 660 2736; x_wconf 89' lang='lat' dir='ltr'>trajectus</span> <span class='ocrx_word' id='word_1_182' title='bbox 725 2669 1013 2721; x_wconf 89' lang='lat' dir='ltr'>commodi</span> <span class='ocrx_word' id='word_1_183' title='bbox 1082 2669 1378 2721; x_wconf 82' lang='lat' dir='ltr'>Sociorum</span> <span class='ocrx_word' id='word_1_184' title='bbox 1445 2666 1612 2719; x_wconf 89' lang='lat' dir='ltr'>istinc</span> <span class='ocrx_word' id='word_1_185' title='bbox 1677 2666 1733 2717; x_wconf 90' lang='lat' dir='ltr'>in</span> <span class='ocrx_word' id='word_1_186' title='bbox 1798 2665 1902 2718; x_wconf 88' lang='lat' dir='ltr'>has</span> 
     </span>
     <span class='ocr_line' id='line_1_30' title="bbox 274 2748 1902 2824; baseline 0.001 -22"><span class='ocrx_word' id='word_1_187' title='bbox 274 2748 499 2817; x_wconf 82' lang='lat' dir='ltr'>insulaS,</span> <span class='ocrx_word' id='word_1_188' title='bbox 548 2755 618 2808; x_wconf 91' lang='lat' dir='ltr'>de</span> <span class='ocrx_word' id='word_1_189' title='bbox 662 2772 776 2823; x_wconf 87' lang='lat' dir='ltr'>quo</span> <span class='ocrx_word' id='word_1_190' title='bbox 829 2755 963 2808; x_wconf 88' lang='lat' dir='ltr'>illud</span> <span class='ocrx_word' id='word_1_191' title='bbox 1016 2763 1292 2824; x_wconf 85' lang='lat' dir='ltr'>praeterea</span> <span class='ocrx_word' id='word_1_192' title='bbox 1346 2772 1551 2806; x_wconf 89' lang='lat' dir='ltr'>moneo</span> <span class='ocrx_word' id='word_1_193' title='bbox 1606 2755 1757 2822; x_wconf 90' lang='lat' dir='ltr'>quod</span> <span class='ocrx_word' id='word_1_194' title='bbox 1811 2772 1902 2804; x_wconf 82' lang='lat' dir='ltr'>ex-</span> 
     </span>
     <span class='ocr_line' id='line_1_31' title="bbox 274 2839 1904 2904; baseline 0.002 -15"><span class='ocrx_word' id='word_1_195' title='bbox 274 2839 548 2904; x_wconf 88' lang='lat' dir='ltr'>perientia</span> <span class='ocrx_word' id='word_1_196' title='bbox 594 2861 698 2893; x_wconf 89' lang='lat' dir='ltr'>nos</span> <span class='ocrx_word' id='word_1_197' title='bbox 746 2842 956 2894; x_wconf 91' lang='lat' dir='ltr'>docuit.</span> <span class='ocrx_word' id='word_1_198' title='bbox 1035 2843 1188 2894; x_wconf 87' lang='lat' dir='ltr'>Tuto</span> <span class='ocrx_word' id='word_1_199' title='bbox 1236 2860 1300 2895; x_wconf 92' lang='lat' dir='ltr'>ac</span> <span class='ocrx_word' id='word_1_200' title='bbox 1349 2841 1463 2894; x_wconf 89' lang='lat' dir='ltr'>cito</span> <span class='ocrx_word' id='word_1_201' title='bbox 1513 2841 1904 2893; x_wconf 89' lang='lat' dir='ltr'>transmittere</span> 
     </span>
     <span class='ocr_line' id='line_1_32' title="bbox 275 2924 1906 2995; baseline 0.002 -19"><span class='ocrx_word' id='word_1_202' title='bbox 275 2924 405 2979; x_wconf 92' lang='lat' dir='ltr'>inde</span> <span class='ocrx_word' id='word_1_203' title='bbox 433 2929 543 2981; x_wconf 89' lang='lat' dir='ltr'>huc</span> <span class='ocrx_word' id='word_1_204' title='bbox 570 2930 782 2982; x_wconf 86' lang='lat' dir='ltr'>volenti</span> <span class='ocrx_word' id='word_1_205' title='bbox 813 2930 1149 2981; x_wconf 80' lang='lat' dir='ltr'>solvendum</span> <span class='ocrx_word' id='word_1_206' title='bbox 1178 2947 1300 2980; x_wconf 86' lang='lat' dir='ltr'>esse</span> <span class='ocrx_word' id='word_1_207' title='bbox 1332 2930 1459 2980; x_wconf 85' lang='lat' dir='ltr'>Goa</span> <span class='ocrx_word' id='word_1_208' title='bbox 1488 2945 1682 2979; x_wconf 84' lang='lat' dir='ltr'>mense</span> <span class='ocrx_word' id='word_1_209' title='bbox 1712 2926 1906 2995; x_wconf 90' lang='lat' dir='ltr'>Aprili,</span> 
     </span>
     <span class='ocr_line' id='line_1_33' title="bbox 279 3012 1909 3087; baseline 0 -22"><span class='ocrx_word' id='word_1_210' title='bbox 279 3012 498 3068; x_wconf 77' lang='lat' dir='ltr'>Malaca</span> <span class='ocrx_word' id='word_1_211' title='bbox 550 3035 683 3070; x_wconf 88' lang='lat' dir='ltr'>vero</span> <span class='ocrx_word' id='word_1_212' title='bbox 737 3036 933 3069; x_wconf 89' lang='lat' dir='ltr'>mense</span> <span class='ocrx_word' id='word_1_213' title='bbox 984 3017 1184 3087; x_wconf 85' lang='lat' dir='ltr'>Junio;</span> <span class='ocrx_word' id='word_1_214' title='bbox 1246 3034 1417 3083; x_wconf 89' lang='lat' dir='ltr'>quare</span> <span class='ocrx_word' id='word_1_215' title='bbox 1471 3015 1603 3066; x_wconf 92' lang='lat' dir='ltr'>date</span> <span class='ocrx_word' id='word_1_216' title='bbox 1657 3032 1909 3082; x_wconf 88' lang='lat' dir='ltr'>operam,</span> 
     </span>
     <span class='ocr_line' id='line_1_34' title="bbox 277 3101 1914 3169; baseline 0.001 -17"><span class='ocrx_word' id='word_1_217' title='bbox 277 3105 336 3152; x_wconf 88' lang='lat' dir='ltr'>ut</span> <span class='ocrx_word' id='word_1_218' title='bbox 374 3103 532 3156; x_wconf 85' lang='lat' dir='ltr'>navis</span> <span class='ocrx_word' id='word_1_219' title='bbox 576 3103 686 3157; x_wconf 88' lang='lat' dir='ltr'>huc</span> <span class='ocrx_word' id='word_1_220' title='bbox 729 3113 965 3159; x_wconf 74' lang='lat' dir='ltr'>ventura</span> <span class='ocrx_word' id='word_1_221' title='bbox 1012 3122 1139 3155; x_wconf 89' lang='lat' dir='ltr'>cum</span> <span class='ocrx_word' id='word_1_222' title='bbox 1185 3111 1309 3156; x_wconf 89' lang='lat' dir='ltr'>toto</span> <span class='ocrx_word' id='word_1_223' title='bbox 1355 3120 1525 3154; x_wconf 91' lang='lat' dir='ltr'>onere</span> <span class='ocrx_word' id='word_1_224' title='bbox 1569 3120 1635 3154; x_wconf 91' lang='lat' dir='ltr'>ac</span> <span class='ocrx_word' id='word_1_225' title='bbox 1681 3101 1914 3169; x_wconf 92' lang='lat' dir='ltr'>copioso</span> 
     </span>
    </p>
   </div>
   <div class='ocr_carea' id='block_1_5' title="bbox 0 438 2639 3203">
    <p class='ocr_par' dir='ltr' id='par_1_7' title="bbox 0 438 2639 3203">
     <span class='ocr_line' id='line_1_35' title="bbox 0 438 2639 774; baseline 0 0"><span class='ocrx_word' id='word_1_226' title='bbox 0 611 81 774; x_wconf 95' lang='lat' dir='ltr'>  </span> <span class='ocrx_word' id='word_1_227' title='bbox 2558 438 2639 774; x_wconf 95' lang='lat' dir='ltr'>   </span> 
     </span>
     <span class='ocr_line' id='line_1_36' title="bbox 0 774 2639 950; baseline 0 0"><span class='ocrx_word' id='word_1_228' title='bbox 0 774 76 950; x_wconf 95' lang='lat' dir='ltr'>  </span> <span class='ocrx_word' id='word_1_229' title='bbox 2556 774 2639 950; x_wconf 95' lang='lat' dir='ltr'>  </span> 
     </span>
     <span class='ocr_line' id='line_1_37' title="bbox 52 950 2639 1121; baseline 0 0"><span class='ocrx_word' id='word_1_230' title='bbox 52 950 69 1121; x_wconf 95' lang='lat' dir='ltr'>  </span> <span class='ocrx_word' id='word_1_231' title='bbox 2556 950 2639 1121; x_wconf 95' lang='lat' dir='ltr'>  </span> 
     </span>
     <span class='ocr_line' id='line_1_38' title="bbox 47 1121 2639 1298; baseline 0 0"><span class='ocrx_word' id='word_1_232' title='bbox 47 1121 64 1298; x_wconf 95' lang='lat' dir='ltr'>  </span> <span class='ocrx_word' id='word_1_233' title='bbox 2556 1121 2639 1298; x_wconf 95' lang='lat' dir='ltr'>  </span> 
     </span>
     <span class='ocr_line' id='line_1_39' title="bbox 44 1298 2639 1467; baseline 0 0"><span class='ocrx_word' id='word_1_234' title='bbox 44 1298 61 1467; x_wconf 95' lang='lat' dir='ltr'>  </span> <span class='ocrx_word' id='word_1_235' title='bbox 2556 1298 2639 1467; x_wconf 95' lang='lat' dir='ltr'>  </span> 
     </span>
     <span class='ocr_line' id='line_1_40' title="bbox 40 1467 2639 1645; baseline 0 0"><span class='ocrx_word' id='word_1_236' title='bbox 40 1467 56 1645; x_wconf 95' lang='lat' dir='ltr'>  </span> <span class='ocrx_word' id='word_1_237' title='bbox 2556 1467 2639 1645; x_wconf 95' lang='lat' dir='ltr'>  </span> 
     </span>
     <span class='ocr_line' id='line_1_41' title="bbox 36 1645 2639 1902; baseline 0 0"><span class='ocrx_word' id='word_1_238' title='bbox 36 1645 56 1902; x_wconf 95' lang='lat' dir='ltr'>   </span> <span class='ocrx_word' id='word_1_239' title='bbox 2408 1645 2639 1902; x_wconf 95' lang='lat' dir='ltr'>   </span> 
     </span>
     <span class='ocr_line' id='line_1_42' title="bbox 29 1902 2639 2076; baseline 0 0"><span class='ocrx_word' id='word_1_240' title='bbox 29 1902 56 2076; x_wconf 95' lang='lat' dir='ltr'>  </span> <span class='ocrx_word' id='word_1_241' title='bbox 2408 1902 2639 2076; x_wconf 95' lang='lat' dir='ltr'>  </span> 
     </span>
     <span class='ocr_line' id='line_1_43' title="bbox 25 2076 2639 2242; baseline 0 0"><span class='ocrx_word' id='word_1_242' title='bbox 25 2076 45 2242; x_wconf 95' lang='lat' dir='ltr'>  </span> <span class='ocrx_word' id='word_1_243' title='bbox 2406 2076 2639 2242; x_wconf 95' lang='lat' dir='ltr'>  </span> 
     </span>
     <span class='ocr_line' id='line_1_44' title="bbox 24 2242 2639 2338; baseline 0 0"><span class='ocrx_word' id='word_1_244' title='bbox 24 2242 38 2338; x_wconf 95' lang='lat' dir='ltr'> </span> <span class='ocrx_word' id='word_1_245' title='bbox 2406 2242 2639 2338; x_wconf 95' lang='lat' dir='ltr'> </span> 
     </span>
     <span class='ocr_line' id='line_1_45' title="bbox 22 2338 2639 2513; baseline 0 0"><span class='ocrx_word' id='word_1_246' title='bbox 22 2338 36 2513; x_wconf 95' lang='lat' dir='ltr'>  </span> <span class='ocrx_word' id='word_1_247' title='bbox 2404 2338 2639 2513; x_wconf 95' lang='lat' dir='ltr'>  </span> 
     </span>
     <span class='ocr_line' id='line_1_46' title="bbox 20 2513 2639 2596; baseline 0 0"><span class='ocrx_word' id='word_1_248' title='bbox 20 2513 37 2596; x_wconf 95' lang='lat' dir='ltr'> </span> <span class='ocrx_word' id='word_1_249' title='bbox 2404 2513 2639 2596; x_wconf 95' lang='lat' dir='ltr'> </span> 
     </span>
     <span class='ocr_line' id='line_1_47' title="bbox 11 2596 2639 2772; baseline 0 0"><span class='ocrx_word' id='word_1_250' title='bbox 11 2596 37 2772; x_wconf 95' lang='lat' dir='ltr'>  </span> <span class='ocrx_word' id='word_1_251' title='bbox 2402 2596 2639 2772; x_wconf 95' lang='lat' dir='ltr'>  </span> 
     </span>
     <span class='ocr_line' id='line_1_48' title="bbox 8 2772 2639 2936; baseline 0 0"><span class='ocrx_word' id='word_1_252' title='bbox 8 2772 29 2936; x_wconf 95' lang='lat' dir='ltr'>  </span> <span class='ocrx_word' id='word_1_253' title='bbox 2398 2772 2639 2936; x_wconf 95' lang='lat' dir='ltr'>  </span> 
     </span>
     <span class='ocr_line' id='line_1_49' title="bbox 0 2936 2639 3203; baseline 0 0"><span class='ocrx_word' id='word_1_254' title='bbox 0 2936 277 3203; x_wconf 95' lang='lat' dir='ltr'>   </span> <span class='ocrx_word' id='word_1_255' title='bbox 1914 2936 2639 3203; x_wconf 95' lang='lat' dir='ltr'>   </span> 
     </span>
    </p>
   </div>
  </div>
 </body>
</html>
