2712 3754
790 323 857 373 24
1178 319 1361 355 LIBER
1400 318 1479 355 VI.
1503 333 1574 339 --
1596 317 1885 355 EPISTOLA
1927 317 2011 353 III.

782 456 998 509 fructus
1059 454 1186 507 istic
1247 454 1424 507 labori
1486 452 1844 521 respondeat,
1908 458 1962 505 et
2016 468 2088 504 an
2141 449 2401 518 expediat

784 539 1167 609 operariorum
1215 538 1271 592 in
1316 539 1438 594 istis
1490 537 1767 593 tractibus
1819 557 2116 590 numerum
2165 537 2400 589 submis-

785 628 861 680 sis
914 645 1118 695 augere
1171 628 1598 695 supplementis.

859 716 976 766 Fac
1030 714 1202 765 etiam
1256 731 1355 780 per
1407 721 1463 767 te
1515 714 1698 767 sciant
1748 715 1947 766 Romae
1998 714 2166 765 Pater
2210 719 2404 763 noster

785 798 1060 868 Ignatius„
1119 798 1463 868 Ulyssipone
1518 801 1579 852 P.
1637 799 1835 852 Simon
1885 799 2215 862 RodericuS,
2264 807 2402 868 quot

782 888 934 957 apud
993 905 1094 939 vos
1148 906 1215 939 ex
1276 886 1595 943 idololatria
1656 887 1912 941 conversi
1975 887 2046 940 ad
2109 884 2400 940 Christum

783 975 914 1038 sint,
985 982 1262 1043 quantum
1334 974 1605 1045 neophyti
1675 973 2034 1044 profecerint,
2103 993 2275 1044 quam
2345 975 2401 1026 in

782 1062 1269 1131 persecutionibus
1337 1062 1720 1116 constantiam
1788 1062 2111 1124 ostendant,
2189 1067 2402 1129 quanta

783 1148 1125 1204 concionum
1196 1157 1250 1201 et
1322 1157 1808 1202 sacramentorum
1879 1148 2212 1217 frequentia,
2290 1166 2401 1216 quo

782 1244 1004 1307 quaestu
1058 1236 1398 1301 animarum,
1453 1255 1633 1306 quave
1680 1236 2013 1290 assiduitate
2058 1253 2124 1290 ac
2170 1243 2400 1289 conten-

781 1325 938 1377 tione
982 1323 1306 1376 sacerdotes
1349 1322 1521 1376 sacris
1565 1321 1891 1376 ministeriis
1938 1321 2222 1386 insistant,
2279 1328 2398 1375 tum

782 1419 989 1463 caetera
1026 1410 1147 1478 ejus
1185 1410 1399 1473 formae,
1439 1411 1641 1478 quibus
1678 1410 1788 1463 illic
1821 1409 2062 1478 vulgatis
2101 1409 2173 1461 ad
2215 1408 2400 1461 Deum

781 1496 1127 1549 laudandum
1180 1504 1559 1564 provocentur
1610 1496 1704 1565 qui
1756 1497 2011 1549 audiunt.

857 1586 968 1638 Sed
1035 1585 1105 1637 ad
1171 1603 1295 1637 eam
1363 1584 1728 1653 scriptionem
1798 1594 1852 1638 et
1925 1584 2177 1638 delectus
2246 1582 2400 1637 adhi-

779 1673 979 1725 beatur
1031 1690 1235 1735 rerum,
1290 1671 1622 1725 omittendis
1676 1692 1800 1740 quae
1860 1671 2254 1740 suggillatione
2305 1671 2399 1722 ali-

776 1778 1017 1827 quorum
1083 1767 1178 1811 aut
1245 1759 1353 1811 alia
1418 1759 1639 1827 ingrata
1705 1760 1994 1812 mentione
2059 1766 2269 1828 queant
2322 1758 2400 1810 of-

777 1845 1021 1909 fendere,
1089 1853 1143 1897 et
1209 1852 1333 1898 tota
1398 1846 1525 1914 styli
1597 1846 1741 1899 ratio
1814 1848 1884 1898 ad
1956 1845 2397 1898 ecclesiasticam

774 1931 1112 2000 gravitatem
1179 1932 1488 2001 prudenter
1566 1933 2057 1995 accommodetur;
2129 1940 2187 1986 ut
2259 1932 2400 1986 tales

772 2020 1052 2089 ejusmodi
1081 2020 1434 2073 narrationes
1462 2020 1593 2084 sint,
1634 2040 1758 2090 quae
1798 2020 2050 2074 simulac
2079 2020 2310 2089 perlatae
2342 2021 2397 2073 in

778 2108 1069 2175 Europam
1124 2106 1350 2169 fuerint,
1407 2108 1592 2177 spargi
1644 2127 1744 2177 per
1790 2126 2012 2171 manUS,
2061 2116 2116 2161 et
2161 2108 2399 2176 publicis

774 2194 1119 2248 editionibus
1184 2196 1593 2249 communicari
1658 2197 1830 2250 etiam
1893 2196 2098 2250 exteris
2157 2196 2397 2265 possint.

777 2282 924 2334 Nolo
987 2282 1138 2334 enim
1201 2290 1257 2335 te
1323 2282 1495 2350 fugiat
1557 2283 1742 2351 expeti
1796 2283 2238 2335 commentarios
2290 2282 2399 2334 illic

770 2368 914 2419 tales
968 2388 1033 2419 ex
1085 2377 1203 2420 tam
1259 2369 1582 2439 longinquis
1629 2371 1902 2440 partibuS,
1951 2379 2006 2424 et
2053 2371 2256 2440 cupide
2301 2388 2400 2440 per

776 2456 1137 2522 Hispaniam,
1223 2458 1447 2509 Italiam
1527 2457 1796 2525 alibique,
1839 2457 1965 2525 legi,
2035 2476 2146 2525 quo
2219 2458 2398 2526 magis

770 2542 1036 2594 convenit
1094 2542 1363 2610 peculiari
1423 2563 1454 2595 a
1515 2545 1678 2596 nobis
1738 2544 2100 2597 accuratione
2153 2561 2219 2596 ac
2271 2562 2396 2596 cau-

701 2677 703 2679 .
767 2628 922 2680 tione
975 2628 1097 2681 haec
1150 2647 1275 2697 quae
1331 2629 1459 2682 illuc
1506 2630 1787 2683 mittimus
1828 2630 2125 2691 conscribi,
2168 2638 2228 2682 ut
2270 2649 2394 2697 quae

768 2715 825 2766 in
880 2732 1084 2766 manus
1137 2734 1250 2767 non
1305 2714 1617 2766 amicorum
1674 2715 1872 2778 solum,
1939 2718 2033 2767 sed
2088 2736 2289 2785 parum
2344 2735 2394 2767 e-

768 2802 906 2851 tiam
962 2820 1271 2869 aequorum,
1327 2803 1612 2853 interdum
1668 2811 1722 2855 et
1776 2803 2096 2855 invidorum
2150 2801 2393 2855 infenso-

764 2905 1000 2955 rumque
1062 2896 1299 2941 ventura
1361 2896 1510 2951 sunt,
1572 2889 1855 2950 omnibus,
1911 2889 1955 2941 si
2009 2889 2128 2940 fieri
2181 2896 2392 2957 potest,

766 2973 1140 3035 satisfaciant,
1206 2994 1405 3025 omnes
1472 2976 1542 3025 ad
1624 2977 1747 3026 Deo
1810 2986 1864 3026 et
1926 2977 2200 3027 Ecclesiae
2268 2993 2393 3027 san-

766 3068 873 3112 ctae
919 3061 1318 3126 gratulandum
1364 3071 1693 3131 provocent,
1750 3071 1900 3134 certe
1955 3063 2166 3126 nemini
2222 3064 2392 3121 offen-
