<?xml version="1.0" encoding="UTF-8"?>
<!DOCTYPE html PUBLIC "-//W3C//DTD XHTML 1.0 Transitional//EN"
    "http://www.w3.org/TR/xhtml1/DTD/xhtml1-transitional.dtd">
<html xmlns="http://www.w3.org/1999/xhtml" xml:lang="en" lang="en">
 <head>
  <title>
</title>
<meta http-equiv="Content-Type" content="text/html;charset=utf-8" />
  <meta name='ocr-system' content='tesseract 3.04.00' />
  <meta name='ocr-capabilities' content='ocr_page ocr_carea ocr_par ocr_line ocrx_word'/>
</head>
<body>
  <div class='ocr_page' id='page_1' title='image "./pts_epistolae_3720-0638_v2/pts_epistolae_3720-0638_v2_0265.png"; bbox 0 0 2665 3754; ppageno 0'>
   <div class='ocr_carea' id='block_1_1' title="bbox 0 0 404 1531">
    <p class='ocr_par' dir='ltr' id='par_1_1' title="bbox 0 0 404 1531">
     <span class='ocr_line' id='line_1_1' title="bbox 0 0 404 1531; baseline 0 0"><span class='ocrx_word' id='word_1_1' title='bbox 0 0 404 1531; x_wconf 95' lang='lat' dir='ltr'> </span> 
     </span>
    </p>
   </div>
   <div class='ocr_carea' id='block_1_2' title="bbox 2156 0 2660 404">
    <p class='ocr_par' dir='ltr' id='par_1_2' title="bbox 2156 0 2660 404">
     <span class='ocr_line' id='line_1_2' title="bbox 2156 0 2660 404; baseline 0 3350"><span class='ocrx_word' id='word_1_2' title='bbox 2156 0 2660 404; x_wconf 95' lang='lat' dir='ltr'> </span> 
     </span>
    </p>
   </div>
   <div class='ocr_carea' id='block_1_3' title="bbox 685 366 1951 428">
    <p class='ocr_par' dir='ltr' id='par_1_3' title="bbox 685 366 1951 428">
     <span class='ocr_line' id='line_1_3' title="bbox 685 366 1951 428; baseline -0.001 -14"><span class='ocrx_word' id='word_1_3' title='bbox 685 367 790 428; x_wconf 86' lang='lat'>254</span> <span class='ocrx_word' id='word_1_4' title='bbox 1043 367 1228 415; x_wconf 76' lang='lat' dir='ltr'><strong>LIBER</strong></span> <span class='ocrx_word' id='word_1_5' title='bbox 1265 366 1798 414; x_wconf 72' lang='lat' dir='ltr'>v11&#39;1.—EP18T01,A</span> <span class='ocrx_word' id='word_1_6' title='bbox 1835 373 1951 413; x_wconf 80' lang='lat' dir='ltr'>X1v.</span> 
     </span>
    </p>
   </div>
   <div class='ocr_carea' id='block_1_4' title="bbox 675 511 2305 848">
    <p class='ocr_par' dir='ltr' id='par_1_4' title="bbox 675 511 2305 848">
     <span class='ocr_line' id='line_1_4' title="bbox 678 511 2305 584; baseline 0 -19"><span class='ocrx_word' id='word_1_7' title='bbox 678 512 961 578; x_wconf 78' lang='lat' dir='ltr'>omnibuS‚</span> <span class='ocrx_word' id='word_1_8' title='bbox 1008 513 1246 584; x_wconf 83' lang='lat' dir='ltr'>incipias</span> <span class='ocrx_word' id='word_1_9' title='bbox 1288 513 1408 584; x_wconf 89' lang='lat' dir='ltr'>ipse</span> <span class='ocrx_word' id='word_1_10' title='bbox 1435 514 1539 567; x_wconf 91' lang='lat' dir='ltr'>tibi</span> <span class='ocrx_word' id='word_1_11' title='bbox 1581 532 1695 567; x_wconf 90' lang='lat' dir='ltr'>non</span> <span class='ocrx_word' id='word_1_12' title='bbox 1738 513 2053 584; x_wconf 84' lang='lat' dir='ltr'>displicere,</span> <span class='ocrx_word' id='word_1_13' title='bbox 2097 511 2305 566; x_wconf 89' lang='lat' dir='ltr'>adscri-</span> 
     </span>
     <span class='ocr_line' id='line_1_5' title="bbox 675 599 2303 670; baseline 0.001 -16"><span class='ocrx_word' id='word_1_14' title='bbox 675 600 807 654; x_wconf 88' lang='lat' dir='ltr'>bam</span> <span class='ocrx_word' id='word_1_15' title='bbox 848 600 940 656; x_wconf 89' lang='lat' dir='ltr'>hic</span> <span class='ocrx_word' id='word_1_16' title='bbox 972 619 1098 670; x_wconf 85' lang='lat' dir='ltr'>quae</span> <span class='ocrx_word' id='word_1_17' title='bbox 1127 601 1184 655; x_wconf 93' lang='lat' dir='ltr'>in</span> <span class='ocrx_word' id='word_1_18' title='bbox 1213 610 1464 667; x_wconf 82' lang='lat' dir='ltr'><strong>mentem</strong></span> <span class='ocrx_word' id='word_1_19' title='bbox 1504 602 1757 666; x_wconf 91' lang='lat' dir='ltr'>veniunt,</span> <span class='ocrx_word' id='word_1_20' title='bbox 1787 601 2010 666; x_wconf 86' lang='lat' dir='ltr'>idonea,</span> <span class='ocrx_word' id='word_1_21' title='bbox 2040 601 2097 655; x_wconf 94' lang='lat' dir='ltr'>ni</span> <span class='ocrx_word' id='word_1_22' title='bbox 2125 599 2303 667; x_wconf 84' lang='lat' dir='ltr'>fallor,</span> 
     </span>
     <span class='ocr_line' id='line_1_6' title="bbox 676 686 2303 758; baseline 0.001 -19"><span class='ocrx_word' id='word_1_23' title='bbox 676 694 736 740; x_wconf 93' lang='lat' dir='ltr'>ut</span> <span class='ocrx_word' id='word_1_24' title='bbox 778 686 930 741; x_wconf 91' lang='lat' dir='ltr'>velut</span> <span class='ocrx_word' id='word_1_25' title='bbox 973 686 1206 742; x_wconf 78' lang='lat' dir='ltr'>amuleti</span> <span class='ocrx_word' id='word_1_26' title='bbox 1248 687 1369 742; x_wconf 89' lang='lat' dir='ltr'>vice</span> <span class='ocrx_word' id='word_1_27' title='bbox 1413 688 1515 742; x_wconf 89' lang='lat' dir='ltr'>tibi</span> <span class='ocrx_word' id='word_1_28' title='bbox 1560 687 1692 753; x_wconf 92' lang='lat' dir='ltr'>sint,</span> <span class='ocrx_word' id='word_1_29' title='bbox 1735 687 1807 741; x_wconf 88' lang='lat' dir='ltr'>ad</span> <span class='ocrx_word' id='word_1_30' title='bbox 1849 687 2303 758; x_wconf 87' lang='lat' dir='ltr'>praevertendam</span> 
     </span>
     <span class='ocr_line' id='line_1_7' title="bbox 675 776 2305 848; baseline 0.001 -20"><span class='ocrx_word' id='word_1_31' title='bbox 675 776 791 829; x_wconf 92' lang='lat' dir='ltr'>vim</span> <span class='ocrx_word' id='word_1_32' title='bbox 831 777 1058 831; x_wconf 78' lang='lat' dir='ltr'>noxiam</span> <span class='ocrx_word' id='word_1_33' title='bbox 1107 778 1301 831; x_wconf 87' lang='lat' dir='ltr'>blandi</span> <span class='ocrx_word' id='word_1_34' title='bbox 1339 778 1543 832; x_wconf 88' lang='lat' dir='ltr'>veneni</span> <span class='ocrx_word' id='word_1_35' title='bbox 1589 778 1927 848; x_wconf 76' lang='lat' dir='ltr'>arrogantiae</span> <span class='ocrx_word' id='word_1_36' title='bbox 1966 795 2066 847; x_wconf 90' lang='lat' dir='ltr'>per</span> <span class='ocrx_word' id='word_1_37' title='bbox 2105 795 2305 831; x_wconf 88' lang='lat' dir='ltr'>auram</span> 
     </span>
    </p>
   </div>
   <div class='ocr_carea' id='block_1_5' title="bbox 676 864 2304 1021">
    <p class='ocr_par' dir='ltr' id='par_1_5' title="bbox 676 864 2304 1021">
     <span class='ocr_line' id='line_1_8' title="bbox 676 864 2304 934; baseline 0.001 -17"><span class='ocrx_word' id='word_1_38' title='bbox 676 864 1026 932; x_wconf 90' lang='lat' dir='ltr'>popularem,</span> <span class='ocrx_word' id='word_1_39' title='bbox 1081 865 1228 919; x_wconf 88' lang='lat' dir='ltr'>inter</span> <span class='ocrx_word' id='word_1_40' title='bbox 1283 865 1709 934; x_wconf 79' lang='lat' dir='ltr'>gratulationeS,</span> <span class='ocrx_word' id='word_1_41' title='bbox 1774 865 2045 919; x_wconf 83' lang='lat' dir='ltr'>insidiose</span> <span class='ocrx_word' id='word_1_42' title='bbox 2097 865 2170 918; x_wconf 91' lang='lat' dir='ltr'>ad</span> <span class='ocrx_word' id='word_1_43' title='bbox 2222 864 2304 918; x_wconf 87' lang='lat' dir='ltr'>in-</span> 
     </span>
     <span class='ocr_line' id='line_1_9' title="bbox 679 952 1269 1021; baseline 0.002 -18"><span class='ocrx_word' id='word_1_44' title='bbox 679 958 878 1004; x_wconf 90' lang='lat' dir='ltr'>cautos</span> <span class='ocrx_word' id='word_1_45' title='bbox 920 952 1269 1021; x_wconf 88' lang='lat' dir='ltr'>adrepentis.</span> 
     </span>
    </p>
   </div>
   <div class='ocr_carea' id='block_1_6' title="bbox 679 1038 2318 2847">
    <p class='ocr_par' dir='ltr' id='par_1_6' title="bbox 679 1038 2318 2847">
     <span class='ocr_line' id='line_1_10' title="bbox 752 1038 2307 1109; baseline 0.003 -20"><span class='ocrx_word' id='word_1_46' title='bbox 752 1038 901 1091; x_wconf 84' lang='lat' dir='ltr'>Ante</span> <span class='ocrx_word' id='word_1_47' title='bbox 941 1039 1135 1091; x_wconf 92' lang='lat' dir='ltr'>omnia</span> <span class='ocrx_word' id='word_1_48' title='bbox 1173 1047 1298 1092; x_wconf 92' lang='lat' dir='ltr'>toto</span> <span class='ocrx_word' id='word_1_49' title='bbox 1339 1039 1533 1092; x_wconf 89' lang='lat' dir='ltr'>animo</span> <span class='ocrx_word' id='word_1_50' title='bbox 1566 1039 1831 1092; x_wconf 87' lang='lat' dir='ltr'>incumbe</span> <span class='ocrx_word' id='word_1_51' title='bbox 1859 1039 1931 1091; x_wconf 93' lang='lat' dir='ltr'>ad</span> <span class='ocrx_word' id='word_1_52' title='bbox 1958 1039 2307 1109; x_wconf 90' lang='lat' dir='ltr'>captandam</span> 
     </span>
     <span class='ocr_line' id='line_1_11' title="bbox 679 1124 2302 1195; baseline -0.001 -13"><span class='ocrx_word' id='word_1_53' title='bbox 679 1141 746 1182; x_wconf 81' lang='lat' dir='ltr'>ex</span> <span class='ocrx_word' id='word_1_54' title='bbox 790 1124 914 1192; x_wconf 93' lang='lat' dir='ltr'>ipso</span> <span class='ocrx_word' id='word_1_55' title='bbox 960 1143 1225 1179; x_wconf 88' lang='lat' dir='ltr'>successu</span> <span class='ocrx_word' id='word_1_56' title='bbox 1271 1134 1497 1180; x_wconf 91' lang='lat' dir='ltr'>tuarum</span> <span class='ocrx_word' id='word_1_57' title='bbox 1543 1126 1617 1180; x_wconf 93' lang='lat' dir='ltr'>ad</span> <span class='ocrx_word' id='word_1_58' title='bbox 1659 1126 1932 1195; x_wconf 93' lang='lat' dir='ltr'>populum</span> <span class='ocrx_word' id='word_1_59' title='bbox 1979 1126 2302 1181; x_wconf 88' lang='lat' dir='ltr'>orationum</span> 
     </span>
     <span class='ocr_line' id='line_1_12' title="bbox 679 1211 2303 1283; baseline 0.002 -21"><span class='ocrx_word' id='word_1_60' title='bbox 679 1211 1039 1264; x_wconf 88' lang='lat' dir='ltr'>occasionem</span> <span class='ocrx_word' id='word_1_61' title='bbox 1106 1212 1286 1282; x_wconf 86' lang='lat' dir='ltr'>magis</span> <span class='ocrx_word' id='word_1_62' title='bbox 1350 1232 1573 1283; x_wconf 89' lang='lat' dir='ltr'>semper</span> <span class='ocrx_word' id='word_1_63' title='bbox 1623 1232 1690 1266; x_wconf 90' lang='lat' dir='ltr'>ac</span> <span class='ocrx_word' id='word_1_64' title='bbox 1745 1212 1924 1282; x_wconf 88' lang='lat' dir='ltr'>magis</span> <span class='ocrx_word' id='word_1_65' title='bbox 1974 1212 2057 1265; x_wconf 89' lang='lat' dir='ltr'>tui</span> <span class='ocrx_word' id='word_1_66' title='bbox 2122 1211 2303 1282; x_wconf 90' lang='lat' dir='ltr'>depri-</span> 
     </span>
     <span class='ocr_line' id='line_1_13' title="bbox 681 1298 2307 1369; baseline 0.001 -19"><span class='ocrx_word' id='word_1_67' title='bbox 681 1298 891 1361; x_wconf 90' lang='lat' dir='ltr'>mendi,</span> <span class='ocrx_word' id='word_1_68' title='bbox 944 1299 1093 1352; x_wconf 89' lang='lat' dir='ltr'>clare</span> <span class='ocrx_word' id='word_1_69' title='bbox 1145 1300 1513 1368; x_wconf 87' lang='lat' dir='ltr'>intelligendo</span> <span class='ocrx_word' id='word_1_70' title='bbox 1566 1318 1632 1353; x_wconf 88' lang='lat' dir='ltr'>ac</span> <span class='ocrx_word' id='word_1_71' title='bbox 1683 1300 2005 1369; x_wconf 89' lang='lat' dir='ltr'>profitendo</span> <span class='ocrx_word' id='word_1_72' title='bbox 2057 1298 2198 1353; x_wconf 93' lang='lat' dir='ltr'>nihil</span> <span class='ocrx_word' id='word_1_73' title='bbox 2250 1299 2307 1353; x_wconf 92' lang='lat' dir='ltr'>in</span> 
     </span>
     <span class='ocr_line' id='line_1_14' title="bbox 682 1386 2309 1455; baseline 0.001 -18"><span class='ocrx_word' id='word_1_74' title='bbox 682 1402 749 1436; x_wconf 88' lang='lat' dir='ltr'>eo</span> <span class='ocrx_word' id='word_1_75' title='bbox 787 1393 950 1438; x_wconf 92' lang='lat' dir='ltr'>tuum</span> <span class='ocrx_word' id='word_1_76' title='bbox 991 1403 1131 1450; x_wconf 88' lang='lat' dir='ltr'>esse,</span> <span class='ocrx_word' id='word_1_77' title='bbox 1172 1394 1356 1439; x_wconf 90' lang='lat' dir='ltr'>totam</span> <span class='ocrx_word' id='word_1_78' title='bbox 1396 1386 1624 1440; x_wconf 88' lang='lat' dir='ltr'>laudem</span> <span class='ocrx_word' id='word_1_79' title='bbox 1665 1388 1737 1439; x_wconf 92' lang='lat' dir='ltr'>ad</span> <span class='ocrx_word' id='word_1_80' title='bbox 1776 1388 1981 1450; x_wconf 91' lang='lat' dir='ltr'>Deum,</span> <span class='ocrx_word' id='word_1_81' title='bbox 2022 1394 2135 1439; x_wconf 85' lang='lat' dir='ltr'>tuae</span> <span class='ocrx_word' id='word_1_82' title='bbox 2176 1404 2309 1455; x_wconf 89' lang='lat' dir='ltr'>qua-</span> 
     </span>
     <span class='ocr_line' id='line_1_15' title="bbox 680 1459 2310 1544; baseline 0.002 -20"><span class='ocrx_word' id='word_1_83' title='bbox 680 1470 995 1542; x_wconf 90' lang='lat' dir='ltr'>liscumque</span> <span class='ocrx_word' id='word_1_84' title='bbox 1058 1472 1345 1527; x_wconf 87' lang='lat' dir='ltr'>facultatis</span> <span class='ocrx_word' id='word_1_85' title='bbox 1395 1481 1451 1528; x_wconf 92' lang='lat' dir='ltr'>et</span> <span class='ocrx_word' id='word_1_86' title='bbox 1503 1473 1791 1544; x_wconf 86' lang='lat' dir='ltr'>profectus</span> <span class='ocrx_word' id='word_1_87' title='bbox 1843 1492 1910 1528; x_wconf 87' lang='lat' dir='ltr'>ex</span> <span class='ocrx_word' id='word_1_88' title='bbox 1961 1491 2028 1527; x_wconf 88' lang='lat' dir='ltr'>ea</span> <span class='ocrx_word' id='word_1_89' title='bbox 2081 1459 2202 1527; x_wconf 85' lang='lat' dir='ltr'>nati</span> <span class='ocrx_word' id='word_1_90' title='bbox 2252 1480 2310 1527; x_wconf 90' lang='lat' dir='ltr'>te</span> 
     </span>
     <span class='ocr_line' id='line_1_16' title="bbox 682 1559 2309 1636; baseline 0.001 -23"><span class='ocrx_word' id='word_1_91' title='bbox 682 1560 1054 1624; x_wconf 87' lang='lat' dir='ltr'>audientium,</span> <span class='ocrx_word' id='word_1_92' title='bbox 1121 1561 1352 1614; x_wconf 91' lang='lat' dir='ltr'>unicum</span> <span class='ocrx_word' id='word_1_93' title='bbox 1405 1562 1732 1636; x_wconf 84' lang='lat' dir='ltr'>Auctorem,</span> <span class='ocrx_word' id='word_1_94' title='bbox 1791 1560 2119 1614; x_wconf 87' lang='lat' dir='ltr'>fidelissime</span> <span class='ocrx_word' id='word_1_95' title='bbox 2172 1559 2309 1614; x_wconf 87' lang='lat' dir='ltr'>refe-</span> 
     </span>
     <span class='ocr_line' id='line_1_17' title="bbox 683 1641 2311 1718; baseline 0 -18"><span class='ocrx_word' id='word_1_96' title='bbox 683 1648 879 1700; x_wconf 90' lang='lat' dir='ltr'>rend0.</span> <span class='ocrx_word' id='word_1_97' title='bbox 959 1648 1111 1717; x_wconf 70' lang='lat' dir='ltr'>Quin</span> <span class='ocrx_word' id='word_1_98' title='bbox 1164 1649 1336 1701; x_wconf 91' lang='lat' dir='ltr'>etiam</span> <span class='ocrx_word' id='word_1_99' title='bbox 1392 1667 1671 1718; x_wconf 87' lang='lat' dir='ltr'>agnoscas</span> <span class='ocrx_word' id='word_1_100' title='bbox 1724 1656 1949 1717; x_wconf 91' lang='lat' dir='ltr'>oportet</span> <span class='ocrx_word' id='word_1_101' title='bbox 1980 1641 2209 1701; x_wconf 83' lang='lat' dir='ltr'>¹debere</span> <span class='ocrx_word' id='word_1_102' title='bbox 2254 1655 2311 1701; x_wconf 92' lang='lat' dir='ltr'>te</span> 
     </span>
     <span class='ocr_line' id='line_1_18' title="bbox 682 1733 2309 1805; baseline -0.001 -17"><span class='ocrx_word' id='word_1_103' title='bbox 682 1733 893 1805; x_wconf 90' lang='lat' dir='ltr'>populo</span> <span class='ocrx_word' id='word_1_104' title='bbox 950 1734 1194 1790; x_wconf 91' lang='lat' dir='ltr'>fructum</span> <span class='ocrx_word' id='word_1_105' title='bbox 1260 1735 1432 1790; x_wconf 90' lang='lat' dir='ltr'>istum</span> <span class='ocrx_word' id='word_1_106' title='bbox 1498 1735 1842 1790; x_wconf 89' lang='lat' dir='ltr'>universum.</span> <span class='ocrx_word' id='word_1_107' title='bbox 1923 1736 2093 1789; x_wconf 89' lang='lat' dir='ltr'>Potes</span> <span class='ocrx_word' id='word_1_108' title='bbox 2157 1733 2309 1788; x_wconf 90' lang='lat' dir='ltr'>enim</span> 
     </span>
     <span class='ocr_line' id='line_1_19' title="bbox 683 1823 2310 1878; baseline 0 -2"><span class='ocrx_word' id='word_1_109' title='bbox 683 1840 751 1877; x_wconf 91' lang='lat' dir='ltr'>ac</span> <span class='ocrx_word' id='word_1_110' title='bbox 797 1823 970 1877; x_wconf 89' lang='lat' dir='ltr'>debes</span> <span class='ocrx_word' id='word_1_111' title='bbox 1016 1825 1244 1878; x_wconf 89' lang='lat' dir='ltr'>credere</span> <span class='ocrx_word' id='word_1_112' title='bbox 1290 1825 1476 1878; x_wconf 89' lang='lat' dir='ltr'>Deum</span> <span class='ocrx_word' id='word_1_113' title='bbox 1526 1824 1841 1877; x_wconf 84' lang='lat' dir='ltr'>Dominum</span> <span class='ocrx_word' id='word_1_114' title='bbox 1888 1832 2147 1877; x_wconf 87' lang='lat' dir='ltr'>nostrum</span> <span class='ocrx_word' id='word_1_115' title='bbox 2194 1839 2310 1876; x_wconf 89' lang='lat' dir='ltr'>mo-</span> 
     </span>
     <span class='ocr_line' id='line_1_20' title="bbox 683 1908 2311 1978; baseline -0.001 -16"><span class='ocrx_word' id='word_1_116' title='bbox 683 1915 806 1963; x_wconf 93' lang='lat' dir='ltr'>tum</span> <span class='ocrx_word' id='word_1_117' title='bbox 869 1909 1172 1963; x_wconf 88' lang='lat' dir='ltr'>devotione</span> <span class='ocrx_word' id='word_1_118' title='bbox 1232 1910 1400 1964; x_wconf 90' lang='lat' dir='ltr'>bonae</span> <span class='ocrx_word' id='word_1_119' title='bbox 1462 1909 1625 1964; x_wconf 90' lang='lat' dir='ltr'>istius</span> <span class='ocrx_word' id='word_1_120' title='bbox 1686 1909 1866 1978; x_wconf 90' lang='lat' dir='ltr'>plebis</span> <span class='ocrx_word' id='word_1_121' title='bbox 1918 1909 2176 1963; x_wconf 91' lang='lat' dir='ltr'>sitienter</span> <span class='ocrx_word' id='word_1_122' title='bbox 2231 1908 2311 1961; x_wconf 91' lang='lat' dir='ltr'>in·</span> 
     </span>
     <span class='ocr_line' id='line_1_21' title="bbox 685 1994 2313 2067; baseline 0 -19"><span class='ocrx_word' id='word_1_123' title='bbox 685 1994 899 2049; x_wconf 90' lang='lat' dir='ltr'>hiantis</span> <span class='ocrx_word' id='word_1_124' title='bbox 959 1997 1323 2050; x_wconf 89' lang='lat' dir='ltr'>addiscendis</span> <span class='ocrx_word' id='word_1_125' title='bbox 1383 1997 1452 2049; x_wconf 90' lang='lat' dir='ltr'>iis</span> <span class='ocrx_word' id='word_1_126' title='bbox 1513 2017 1639 2067; x_wconf 89' lang='lat' dir='ltr'>quae</span> <span class='ocrx_word' id='word_1_127' title='bbox 1701 1997 1773 2049; x_wconf 92' lang='lat' dir='ltr'>ad</span> <span class='ocrx_word' id='word_1_128' title='bbox 1838 1995 2193 2064; x_wconf 85' lang='lat' dir='ltr'>Religionem</span> <span class='ocrx_word' id='word_1_129' title='bbox 2258 2002 2313 2048; x_wconf 90' lang='lat' dir='ltr'>et</span> 
     </span>
     <span class='ocr_line' id='line_1_22' title="bbox 685 2082 2310 2152; baseline -0.001 -17"><span class='ocrx_word' id='word_1_130' title='bbox 685 2082 926 2136; x_wconf 88' lang='lat' dir='ltr'>salutem</span> <span class='ocrx_word' id='word_1_131' title='bbox 969 2083 1289 2137; x_wconf 88' lang='lat' dir='ltr'>animarum</span> <span class='ocrx_word' id='word_1_132' title='bbox 1333 2084 1638 2152; x_wconf 88' lang='lat' dir='ltr'>pertinent,</span> <span class='ocrx_word' id='word_1_133' title='bbox 1686 2085 1898 2137; x_wconf 89' lang='lat' dir='ltr'>donare</span> <span class='ocrx_word' id='word_1_134' title='bbox 1943 2083 2066 2144; x_wconf 90' lang='lat' dir='ltr'>tibi,</span> <span class='ocrx_word' id='word_1_135' title='bbox 2114 2098 2310 2152; x_wconf 87' lang='lat' dir='ltr'>quam-</span> 
     </span>
     <span class='ocr_line' id='line_1_23' title="bbox 685 2167 2312 2237; baseline 0.001 -18"><span class='ocrx_word' id='word_1_136' title='bbox 685 2186 858 2236; x_wconf 91' lang='lat' dir='ltr'>quam</span> <span class='ocrx_word' id='word_1_137' title='bbox 911 2187 978 2219; x_wconf 91' lang='lat' dir='ltr'>ea</span> <span class='ocrx_word' id='word_1_138' title='bbox 1028 2168 1210 2236; x_wconf 84' lang='lat' dir='ltr'>gratia</span> <span class='ocrx_word' id='word_1_139' title='bbox 1263 2187 1379 2220; x_wconf 91' lang='lat' dir='ltr'>non</span> <span class='ocrx_word' id='word_1_140' title='bbox 1433 2168 1625 2237; x_wconf 84' lang='lat' dir='ltr'>digno,</span> <span class='ocrx_word' id='word_1_141' title='bbox 1679 2177 1861 2221; x_wconf 91' lang='lat' dir='ltr'>artem</span> <span class='ocrx_word' id='word_1_142' title='bbox 1908 2174 1963 2220; x_wconf 86' lang='lat' dir='ltr'>et</span> <span class='ocrx_word' id='word_1_143' title='bbox 2015 2167 2162 2220; x_wconf 90' lang='lat' dir='ltr'>vires</span> <span class='ocrx_word' id='word_1_144' title='bbox 2215 2167 2312 2220; x_wconf 93' lang='lat' dir='ltr'>do-</span> 
     </span>
     <span class='ocr_line' id='line_1_24' title="bbox 686 2255 2311 2326; baseline -0.002 -17"><span class='ocrx_word' id='word_1_145' title='bbox 686 2255 851 2309; x_wconf 89' lang='lat' dir='ltr'>cendi</span> <span class='ocrx_word' id='word_1_146' title='bbox 902 2272 1000 2309; x_wconf 86' lang='lat' dir='ltr'>eos</span> <span class='ocrx_word' id='word_1_147' title='bbox 1051 2263 1218 2325; x_wconf 91' lang='lat' dir='ltr'>prout</span> <span class='ocrx_word' id='word_1_148' title='bbox 1271 2273 1414 2326; x_wconf 89' lang='lat' dir='ltr'>opus</span> <span class='ocrx_word' id='word_1_149' title='bbox 1478 2263 1584 2320; x_wconf 88' lang='lat' dir='ltr'>est,</span> <span class='ocrx_word' id='word_1_150' title='bbox 1638 2263 1692 2309; x_wconf 90' lang='lat' dir='ltr'>et</span> <span class='ocrx_word' id='word_1_151' title='bbox 1745 2273 1814 2308; x_wconf 86' lang='lat' dir='ltr'>ex</span> <span class='ocrx_word' id='word_1_152' title='bbox 1865 2255 2118 2325; x_wconf 87' lang='lat' dir='ltr'>ipsorum</span> <span class='ocrx_word' id='word_1_153' title='bbox 2175 2261 2311 2307; x_wconf 88' lang='lat' dir='ltr'>voto</span> 
     </span>
     <span class='ocr_line' id='line_1_25' title="bbox 684 2340 2310 2411; baseline 0 -16"><span class='ocrx_word' id='word_1_154' title='bbox 684 2341 1085 2411; x_wconf 89' lang='lat' dir='ltr'>promovendi:</span> <span class='ocrx_word' id='word_1_155' title='bbox 1145 2360 1279 2410; x_wconf 87' lang='lat' dir='ltr'>ergo</span> <span class='ocrx_word' id='word_1_156' title='bbox 1325 2349 1382 2396; x_wconf 90' lang='lat' dir='ltr'>te</span> <span class='ocrx_word' id='word_1_157' title='bbox 1435 2341 1574 2395; x_wconf 93' lang='lat' dir='ltr'>nihil</span> <span class='ocrx_word' id='word_1_158' title='bbox 1621 2341 1774 2396; x_wconf 92' lang='lat' dir='ltr'>aliud</span> <span class='ocrx_word' id='word_1_159' title='bbox 1827 2341 1935 2395; x_wconf 88' lang='lat' dir='ltr'>nisi</span> <span class='ocrx_word' id='word_1_160' title='bbox 1990 2340 2310 2395; x_wconf 87' lang='lat' dir='ltr'>ministrum</span> 
     </span>
     <span class='ocr_line' id='line_1_26' title="bbox 685 2426 2314 2499; baseline -0.002 -16"><span class='ocrx_word' id='word_1_161' title='bbox 685 2449 810 2483; x_wconf 86' lang='lat' dir='ltr'>esse</span> <span class='ocrx_word' id='word_1_162' title='bbox 861 2429 1029 2483; x_wconf 90' lang='lat' dir='ltr'>alieni</span> <span class='ocrx_word' id='word_1_163' title='bbox 1080 2429 1338 2483; x_wconf 88' lang='lat' dir='ltr'>beneficii</span> <span class='ocrx_word' id='word_1_164' title='bbox 1391 2429 1495 2483; x_wconf 94' lang='lat' dir='ltr'>tibi</span> <span class='ocrx_word' id='word_1_165' title='bbox 1548 2428 1701 2482; x_wconf 87' lang='lat' dir='ltr'>nulla</span> <span class='ocrx_word' id='word_1_166' title='bbox 1747 2448 1815 2481; x_wconf 85' lang='lat' dir='ltr'>ex</span> <span class='ocrx_word' id='word_1_167' title='bbox 1858 2436 2020 2499; x_wconf 89' lang='lat' dir='ltr'>parte</span> <span class='ocrx_word' id='word_1_168' title='bbox 2071 2426 2314 2498; x_wconf 88' lang='lat' dir='ltr'>imputa-</span> 
     </span>
     <span class='ocr_line' id='line_1_27' title="bbox 684 2513 2314 2586; baseline -0.002 -15"><span class='ocrx_word' id='word_1_169' title='bbox 684 2517 830 2581; x_wconf 82' lang='lat' dir='ltr'>bilis,</span> <span class='ocrx_word' id='word_1_170' title='bbox 860 2518 1067 2586; x_wconf 90' lang='lat' dir='ltr'>quippe</span> <span class='ocrx_word' id='word_1_171' title='bbox 1108 2534 1238 2571; x_wconf 92' lang='lat' dir='ltr'>cum</span> <span class='ocrx_word' id='word_1_172' title='bbox 1278 2525 1334 2572; x_wconf 92' lang='lat' dir='ltr'>et</span> <span class='ocrx_word' id='word_1_173' title='bbox 1375 2527 1473 2572; x_wconf 91' lang='lat' dir='ltr'>tua</span> <span class='ocrx_word' id='word_1_174' title='bbox 1513 2517 1863 2586; x_wconf 82' lang='lat' dir='ltr'>intelligendi</span> <span class='ocrx_word' id='word_1_175' title='bbox 1903 2516 1997 2570; x_wconf 86' lang='lat' dir='ltr'>lux</span> <span class='ocrx_word' id='word_1_176' title='bbox 2023 2523 2080 2570; x_wconf 91' lang='lat' dir='ltr'>et</span> <span class='ocrx_word' id='word_1_177' title='bbox 2107 2513 2314 2585; x_wconf 87' lang='lat' dir='ltr'>agendi</span> 
     </span>
     <span class='ocr_line' id='line_1_28' title="bbox 684 2601 2313 2672; baseline -0.001 -17"><span class='ocrx_word' id='word_1_178' title='bbox 684 2604 862 2671; x_wconf 87' lang='lat' dir='ltr'>vigor,</span> <span class='ocrx_word' id='word_1_179' title='bbox 915 2611 971 2655; x_wconf 88' lang='lat' dir='ltr'>et</span> <span class='ocrx_word' id='word_1_180' title='bbox 1023 2603 1145 2672; x_wconf 88' lang='lat' dir='ltr'>ipsa</span> <span class='ocrx_word' id='word_1_181' title='bbox 1197 2603 1458 2656; x_wconf 92' lang='lat' dir='ltr'>docilitas</span> <span class='ocrx_word' id='word_1_182' title='bbox 1509 2602 1904 2672; x_wconf 87' lang='lat' dir='ltr'>permotioque</span> <span class='ocrx_word' id='word_1_183' title='bbox 1968 2601 2313 2662; x_wconf 82' lang='lat' dir='ltr'>auditorum,</span> 
     </span>
     <span class='ocr_line' id='line_1_29' title="bbox 689 2688 2316 2760; baseline -0.001 -16"><span class='ocrx_word' id='word_1_184' title='bbox 689 2693 798 2745; x_wconf 92' lang='lat' dir='ltr'>Dei</span> <span class='ocrx_word' id='word_1_185' title='bbox 849 2693 1044 2760; x_wconf 86' lang='lat' dir='ltr'>utique</span> <span class='ocrx_word' id='word_1_186' title='bbox 1096 2694 1210 2746; x_wconf 90' lang='lat' dir='ltr'>sint</span> <span class='ocrx_word' id='word_1_187' title='bbox 1257 2711 1511 2756; x_wconf 89' lang='lat' dir='ltr'>munera,</span> <span class='ocrx_word' id='word_1_188' title='bbox 1559 2711 1673 2745; x_wconf 92' lang='lat' dir='ltr'>non</span> <span class='ocrx_word' id='word_1_189' title='bbox 1725 2692 1839 2746; x_wconf 90' lang='lat' dir='ltr'>tuis</span> <span class='ocrx_word' id='word_1_190' title='bbox 1891 2692 1991 2745; x_wconf 91' lang='lat' dir='ltr'>sed</span> <span class='ocrx_word' id='word_1_191' title='bbox 2040 2688 2316 2744; x_wconf 87' lang='lat' dir='ltr'>Ecclesiae</span> 
     </span>
     <span class='ocr_line' id='line_1_30' title="bbox 689 2776 2318 2847; baseline -0.001 -16"><span class='ocrx_word' id='word_1_192' title='bbox 689 2797 756 2832; x_wconf 88' lang='lat' dir='ltr'>ac</span> <span class='ocrx_word' id='word_1_193' title='bbox 798 2777 875 2846; x_wconf 93' lang='lat' dir='ltr'>pii</span> <span class='ocrx_word' id='word_1_194' title='bbox 918 2778 1112 2847; x_wconf 91' lang='lat' dir='ltr'>populi</span> <span class='ocrx_word' id='word_1_195' title='bbox 1157 2779 1374 2843; x_wconf 88' lang='lat' dir='ltr'>meritis</span> <span class='ocrx_word' id='word_1_196' title='bbox 1418 2796 1707 2833; x_wconf 89' lang='lat' dir='ltr'>concessa.</span> <span class='ocrx_word' id='word_1_197' title='bbox 1784 2779 1972 2847; x_wconf 87' lang='lat' dir='ltr'>Atque</span> <span class='ocrx_word' id='word_1_198' title='bbox 2015 2776 2150 2830; x_wconf 90' lang='lat' dir='ltr'>hinc</span> <span class='ocrx_word' id='word_1_199' title='bbox 2189 2792 2318 2830; x_wconf 91' lang='lat' dir='ltr'>cau·</span> 
     </span>
    </p>
   </div>
   <div class='ocr_carea' id='block_1_7' title="bbox 688 2869 2323 3208">
    <p class='ocr_par' dir='ltr' id='par_1_7' title="bbox 688 2869 2323 3208">
     <span class='ocr_line' id='line_1_31' title="bbox 688 2869 2319 2944; baseline -0.002 -18"><span class='ocrx_word' id='word_1_200' title='bbox 688 2892 811 2927; x_wconf 88' lang='lat' dir='ltr'>sam</span> <span class='ocrx_word' id='word_1_201' title='bbox 865 2873 1037 2927; x_wconf 88' lang='lat' dir='ltr'>debes</span> <span class='ocrx_word' id='word_1_202' title='bbox 1089 2874 1294 2928; x_wconf 90' lang='lat' dir='ltr'>ducere</span> <span class='ocrx_word' id='word_1_203' title='bbox 1346 2873 1540 2944; x_wconf 91' lang='lat' dir='ltr'>populi</span> <span class='ocrx_word' id='word_1_204' title='bbox 1592 2872 1842 2937; x_wconf 90' lang='lat' dir='ltr'>amandi,</span> <span class='ocrx_word' id='word_1_205' title='bbox 1895 2879 1953 2927; x_wconf 92' lang='lat' dir='ltr'>te</span> <span class='ocrx_word' id='word_1_206' title='bbox 2006 2871 2083 2925; x_wconf 89' lang='lat' dir='ltr'>illi</span> <span class='ocrx_word' id='word_1_207' title='bbox 2135 2869 2319 2924; x_wconf 89' lang='lat' dir='ltr'>ferens</span> 
     </span>
     <span class='ocr_line' id='line_1_32' title="bbox 690 2958 2321 3031; baseline -0.002 -16"><span class='ocrx_word' id='word_1_208' title='bbox 690 2959 1211 3026; x_wconf 86' lang='lat' dir='ltr'>obstrictissimum,</span> <span class='ocrx_word' id='word_1_209' title='bbox 1241 2962 1394 3031; x_wconf 89' lang='lat' dir='ltr'>quod</span> <span class='ocrx_word' id='word_1_210' title='bbox 1435 2961 1558 3031; x_wconf 89' lang='lat' dir='ltr'>ejus</span> <span class='ocrx_word' id='word_1_211' title='bbox 1597 2968 1858 3030; x_wconf 81' lang='lat' dir='ltr'>respectu</span> <span class='ocrx_word' id='word_1_212' title='bbox 1896 2960 2001 3014; x_wconf 90' lang='lat' dir='ltr'>tibi</span> <span class='ocrx_word' id='word_1_213' title='bbox 2038 2958 2321 3014; x_wconf 84' lang='lat' dir='ltr'>Dominus</span> 
     </span>
     <span class='ocr_line' id='line_1_33' title="bbox 692 3041 2322 3118; baseline -0.003 -17"><span class='ocrx_word' id='word_1_214' title='bbox 692 3048 1012 3101; x_wconf 91' lang='lat' dir='ltr'>doctrinam</span> <span class='ocrx_word' id='word_1_215' title='bbox 1075 3058 1130 3102; x_wconf 91' lang='lat' dir='ltr'>et</span> <span class='ocrx_word' id='word_1_216' title='bbox 1182 3048 1567 3118; x_wconf 89' lang='lat' dir='ltr'>eloquentiam</span> <span class='ocrx_word' id='word_1_217' title='bbox 1615 3047 2027 3102; x_wconf 89' lang='lat' dir='ltr'>communicet:</span> <span class='ocrx_word' id='word_1_218' title='bbox 2083 3064 2224 3115; x_wconf 91' lang='lat' dir='ltr'>quas</span> <span class='ocrx_word' id='word_1_219' title='bbox 2276 3041 2322 3097; x_wconf 92' lang='lat' dir='ltr'>si</span> 
     </span>
     <span class='ocr_line' id='line_1_34' title="bbox 693 3134 2323 3208; baseline -0.004 -17"><span class='ocrx_word' id='word_1_220' title='bbox 693 3136 800 3191; x_wconf 91' lang='lat' dir='ltr'>tibi</span> <span class='ocrx_word' id='word_1_221' title='bbox 853 3154 1089 3208; x_wconf 87' lang='lat' dir='ltr'>usurpes</span> <span class='ocrx_word' id='word_1_222' title='bbox 1134 3145 1189 3192; x_wconf 92' lang='lat' dir='ltr'>et</span> <span class='ocrx_word' id='word_1_223' title='bbox 1235 3137 1293 3191; x_wconf 91' lang='lat' dir='ltr'>in</span> <span class='ocrx_word' id='word_1_224' title='bbox 1346 3137 1513 3191; x_wconf 88' lang='lat' dir='ltr'>bonis</span> <span class='ocrx_word' id='word_1_225' title='bbox 1564 3137 1678 3191; x_wconf 90' lang='lat' dir='ltr'>tuis</span> <span class='ocrx_word' id='word_1_226' title='bbox 1732 3154 2014 3201; x_wconf 82' lang='lat' dir='ltr'>numereS,</span> <span class='ocrx_word' id='word_1_227' title='bbox 2067 3134 2323 3206; x_wconf 81' lang='lat' dir='ltr'>ingratus</span> 
     </span>
    </p>
   </div>
   <div class='ocr_carea' id='block_1_8' title="bbox 0 3678 2660 3748">
    <p class='ocr_par' dir='ltr' id='par_1_8' title="bbox 0 3678 2660 3748">
     <span class='ocr_line' id='line_1_35' title="bbox 0 3678 2660 3748; baseline 0 6"><span class='ocrx_word' id='word_1_228' title='bbox 0 3678 2660 3748; x_wconf 95' lang='lat' dir='ltr'> </span> 
     </span>
    </p>
   </div>
  </div>
 </body>
</html>
