2712 3754
811 331 875 369 12
1217 331 1400 369 LIBER
1439 335 1518 370 VI.
1541 351 1613 357 ·—
1634 336 1928 372 EPISTOLA
1968 337 2028 371 11.

805 475 1021 543 optime
1070 476 1286 526 meritis
1332 477 1592 543 personis
1647 476 1952 544 impetrare
1998 491 2124 527 sum
2176 482 2435 538 conatuS,

805 560 929 614 istis
976 562 1048 614 ad
1096 578 1186 614 me
1238 561 1440 615 litteris
1486 562 1799 630 jungenda.
1880 561 1938 615 Si
1993 579 2120 614 mea
2174 578 2264 614 me
2317 561 2436 629 opi-

805 646 902 700 nio
944 668 1058 700 non
1101 646 1375 712 fefellerit,
1421 669 1521 701 oro
1564 649 1738 702 etiam
1783 658 1953 719 atque
1992 648 2164 701 etiam
2208 667 2330 712 VOS,
2376 657 2437 701 ut

805 736 913 789 ista
965 736 1281 805 diplomata
1333 754 1433 806 per
1485 737 1674 789 navim
1736 737 1947 805 regiam
2014 752 2208 789 mense
2262 735 2436 804 Aprili

803 823 875 876 ad
921 822 1180 877 Molucas
1230 824 1356 877 Goa
1402 822 1804 892 profecturam,
1853 840 2077 876 summa
2125 840 2262 875 cura
2308 839 2434 875 nos-

802 908 905 961 tris
982 909 1192 960 Moluci
1267 911 1603 979 degentibus
1674 910 2107 962 commendetis.
2189 909 2289 961 Sin
2355 927 2434 961 re-

803 997 888 1065 gis
928 998 998 1048 de
1039 997 1126 1047 his
1165 997 1368 1049 litterae
1409 999 1708 1050 tacebunt:
1750 1014 1856 1049 nec
1898 998 2008 1049 ulla
2053 997 2295 1065 utrique,
2339 1005 2436 1050 aut

803 1083 1006 1137 saltem
1061 1082 1221 1136 alteri
1274 1082 1477 1139 horum
1531 1083 1806 1151 inscripta
1859 1082 2056 1136 charta
2107 1081 2261 1150 regia
2311 1089 2436 1135 toto

804 1167 1073 1222 fasciculo
1125 1177 1414 1221 cernetur:
1470 1178 1593 1222 tum
1646 1189 1748 1222 vos
1801 1170 1989 1233 ambO,
2042 1170 2210 1222 Pater
2265 1169 2436 1222 Paule

801 1264 857 1310 et
925 1258 1094 1310 Pater
1153 1257 1385 1320 Antoni,
1441 1257 1740 1311 convenite
1787 1256 2089 1311 confestim
2137 1256 2433 1310 dominum

799 1348 1122 1409 praetorem,
1179 1359 1422 1409 eumque
1477 1360 1821 1409 magnopere
1874 1349 2049 1403 orate,
2113 1348 2175 1394 ut
2232 1340 2433 1409 inspici

795 1427 993 1496 jubeat
1060 1446 1195 1478 num
1262 1427 1320 1478 in
1385 1426 1537 1478 fasce
1603 1428 1943 1479 novissime·
1990 1428 2209 1495 perlato
2274 1428 2432 1479 char·

799 1522 986 1568 tarum
1054 1515 1125 1567 ad
1195 1514 1380 1583 ipsum
1440 1514 1721 1583 regiarum
1788 1514 2141 1583 reperiantur
2205 1514 2433 1567 decreta

800 1600 1092 1670 pensionis
1157 1619 1363 1654 annuae
1426 1601 1634 1670 reginae
1704 1601 1959 1654 Isabellae
2024 1600 2432 1670 persolvendae,

799 1697 896 1742 aut
938 1688 1077 1742 certi
1118 1688 1370 1751 honoriS,
1412 1689 1499 1741 vel
1540 1689 1921 1742 immunitatis
1963 1688 2287 1741 Balthasari
2327 1689 2433 1740 Ve-

798 1775 961 1837 lozio‚
1016 1775 1162 1842 regis
1218 1775 1418 1843 gratia,
1468 1794 1775 1827 concessae.
1857 1777 1944 1825 Ea
2001 1774 2046 1825 si
2094 1774 2302 1826 fuerint
2351 1774 2432 1824 in-

796 1870 987 1924 venta,
1036 1862 1339 1929 impetrate
1386 1880 1418 1911 a
1460 1870 1722 1929 praetore,
1769 1879 1898 1913 cum
1945 1870 2004 1913 ut
2050 1869 2257 1914 caetera
2301 1878 2432 1913 cun-

798 1955 908 2011 cta,
958 1965 1083 2016 quae
1131 1949 1202 2001 ad
1256 1948 1487 2016 plenum
1536 1949 1702 2016 regiae
1755 1948 2110 2001 liberalitatis
2168 1947 2432 2001 effectum

798 2033 1328 2100 repraesentandum
1377 2053 1520 2101 opus
1560 2042 1742 2095 erunt,
1786 2053 1852 2084 ex
1893 2053 1952 2083 se
1993 2032 2266 2095 conferat,
2309 2041 2431 2084 tum

798 2128 858 2172 ut
905 2120 1029 2188 ipsa
1076 2120 1391 2187 diplomata
1438 2121 1600 2172 vobis
1647 2121 1991 2184 committat,
2041 2121 2319 2174 curaturis
2372 2128 2432 2174 ut

797 2206 865 2257 iis
931 2206 1002 2258 ad
1071 2223 1213 2273 quos
1275 2205 1523 2258 attinent
1582 2206 1912 2258 reddantur.
1994 2206 2218 2258 Horum
2281 2205 2432 2274 quod

797 2292 1049 2360 reginam
1133 2292 1434 2344 Isabellam
1511 2300 1751 2361 spectat,
1830 2293 2066 2345 sufficiet
2141 2310 2428 2345 commenr

797 2382 931 2434 dare
993 2382 1204 2434 nostris
1266 2381 1573 2434 stationem
1665 2381 2054 2433 Molucensem
2127 2380 2430 2433 obtinenti-

794 2466 918 2519 bus.
995 2466 1318 2518 Balthasari
1385 2467 1596 2519 Velozo
1656 2487 1820 2518 suum
1886 2487 2093 2519 censeo
2156 2487 2259 2520 vos
2324 2468 2431 2537 ipsi

786 2556 1024 2623 'proprio
1068 2555 1336 2607 fasciculo
1380 2572 1510 2607 cum
1555 2555 1757 2607 litteris
1800 2555 2020 2618 vestriS,
2070 2555 2226 2608 omni
2285 2555 2430 2624 grati

794 2647 849 2693 et
930 2640 1255 2708 obsequiosi
1336 2640 1510 2692 animi
1594 2640 2009 2708 significatione
2092 2639 2427 2709 insignibu5‚

794 2726 1143 2789 inscribatis;
1210 2727 1266 2779 id
1320 2728 1516 2780 sedulo
1569 2736 1822 2796 agentes,
1879 2738 1939 2780 ut
2000 2729 2278 2798 intelligat
2351 2748 2427 2792 se,

794 2832 922 2865 cum
995 2822 1308 2882 praesentes
1380 2823 1607 2866 nostros
1677 2814 1968 2866 beneficiis
2046 2815 2426 2884 amplectitur,

796 2901 1052 2954 omnium
1133 2901 1340 2971 ubique
1421 2901 1717 2954 Sociorum
1799 2910 2056 2955 mutuam
2129 2902 2235 2955 sibi
2308 2921 2429 2972 gra-

794 2989 950 3050 tiam,
1032 2989 1354 3040 efficacibus
1432 3006 1656 3055 semper
1728 2989 1783 3039 in
1858 2990 2160 3042 occasione
2232 2990 2430 3042 officiis

791 3077 1137 3138 testandam,
1194 3075 1564 3143 obstringere.
