2639 3798
636 362 819 402 LIBER
855 361 983 400 vm.
1004 378 1076 390 -—-
1096 360 1388 401 EPISTOLA
1425 359 1514 401 XX.

725 629 1210 695 EPISTOLA
1269 631 1421 694 XX.

815 871 894 935 P.
940 872 1327 955 Cypriano.

331 1122 523 1174 Severa
576 1120 848 1174 inurbauae
895 1120 1216 1191 intemperiei
1252 1120 1585 1191 reprehensio,
1623 1126 1670 1174 et
1701 1119 1885 1190 gravis

268 1208 334 1261 ad
380 1207 784 1260 emendationem
833 1207 1158 1260 adhortatio:
1219 1207 1470 1260 minimus
1509 1207 1718 1277 fructus
1769 1225 1883 1260 cum

261 1299 383 1366 pace
450 1293 681 1347 maximo
731 1311 847 1348 cum
903 1293 1176 1365 offensione
1226 1294 1599 1364 anteferenduS.
1677 1294 1886 1346 Eadem

263 1381 318 1434 iu
367 1380 663 1434 Gouzalum
712 1381 903 1434 iterata
952 1380 1328 1452 objurgatione,
1382 1380 1659 1433 obtestatur
1707 1381 1882 1434 ambos

264 1473 318 1520 ut
359 1465 601 1536 supplices
636 1472 816 1537 petant
855 1485 889 1520 a
921 1467 1243 1538 proepiscopo
1298 1473 1590 1519 erratorum
1645 1467 1853 1519 veniam
1861 1486 1883 1528 ;

261 1551 434 1623 quippe
483 1550 775 1605 illustribus
825 1552 1055 1606 demissae
1104 1552 1418 1605 humilitatis
1463 1552 1706 1621 exemplis
1748 1568 1881 1605 com-

253 1640 492 1711 paranda
540 1641 679 1711 apud
727 1640 954 1693 homiues
1001 1639 1201 1710 gratia.
1277 1638 1572 1700 Praeterita,
1631 1637 1884 1691 damnata

260 1724 419 1794 culpa,
465 1726 815 1787 oruamentum
849 1727 1055 1795 futuris
1097 1732 1240 1777 caute
1283 1725 1598 1777 consulatur.
1676 1727 1882 1776 Aman-

260 1810 461 1864 tissima
505 1810 755 1864 clausula.

409 1985 570 2023 ALDE
618 1970 764 2023 male
807 1971 1276 2040 percepistiquae
1309 1971 1412 2022 tibi
1452 1971 1723 2023 mandata
1765 1972 1881 2023 Me-

443 2056 675 2126 liaporae
740 2058 1094 2111 observanda
1154 2057 1630 2126 praescripseram.
1718 2055 1884 2110 Clare

262 2142 510 2196 ostendis
561 2162 733 2213 quam
785 2162 985 2213 parurn
1037 2143 1140 2197 tibi
1186 2142 1488 2197 adhaeserit
1535 2160 1603 2196 ex
1648 2159 1880 2197 conver-

264 2229 477 2285 satione
523 2231 701 2285 nostri
749 2232 914 2285 Beati
963 2231 1146 2285 Patris
1194 2229 1419 2302 Ignatii.

331 2315 638 2371 Plurimum
683 2317 943 2388 improbo
985 2335 1312 2388 aggressum
1356 2334 1479 2372 esse
1521 2325 1578 2372 te
1620 2318 1883 2387 litigiosis

260 2401 507 2459 formulis
533 2416 589 2459 et
616 2407 1095 2477 pragmaticorum
1138 2405 1453 2459 ministerio
1492 2404 1701 2459 forensi
1742 2425 1877 2460 eon-

258 2491 441 2547 venire
485 2494 947 2564 proepiscopum3
1008 2511 1232 2564 semper
1282 2493 1610 2564 obsequeris
1655 2501 1875 2547 naturae

263 2576 350 2631 isti
396 2589 509 2634 tuae
554 2582 897 2636 vehementi.

327 2668 615 2738 Quidquid
673 2671 869 2724 dextra
928 2670 1194 2733 aedificaS,
1248 2669 1388 2721 laeva
1439 2668 1703 2721 destruis.
1781 2667 1877 2723 Sic

259 2760 407 2808 certo
451 2753 597 2810 habe
639 2756 1041 2810 incredibiliter
1085 2756 1361 2809 offensum
1400 2773 1491 2809 me
1527 2755 1634 2819 his,
1674 2773 1802 2825 quae
1844 2775 1877 2810 a

257 2843 311 2890 te
354 2841 479 2896 istic
531 2843 806 2897 inurbane
851 2851 907 2896 et
953 2842 1338 2895 inhumaniter
1382 2850 1511 2895 acta
1563 2837 1872 2911 comperio.

257 2925 313 2977 Si
351 2930 755 3000 proepiscopus
796 2930 958 2983 aliter
998 2930 1113 3000 agit
1156 2948 1221 2982 ac
1265 2930 1485 2993 debeat,
1516 2943 1632 2982 non
1674 2930 1870 2999 utique

256 3012 362 3065 tuis
400 3017 795 3069 emendabitur
833 3017 1384 3085 reprehensionibUS,
1413 3016 1728 3084 praesertim
1770 3018 1872 3071 im-

257 3103 574 3169 prudenter,
600 3113 660 3158 ut
689 3123 721 3158 a
748 3113 804 3159 te
834 3104 1044 3158 factum
1075 3101 1466 3173 est,'oggestiS.
1527 3103 1673 3157 Tam
1703 3102 1873 3174 longo
