2639 3798
620 355 806 394 LIBER
842 355 947 394 VII.
968 371 1041 379 --
1061 357 1354 396 EPISTOLA
1390 357 1470 395 VI.

1758 359 1865 413 149

233 503 305 549 tae
345 492 515 546 sortis
552 498 782 561 praestO,
824 491 1156 560 fidejussore
1211 493 1463 557 Christo,
1504 493 1632 561 plus
1685 510 1860 562 quam

234 578 562 648 centuplum
614 577 672 630 in
726 576 870 630 coelo
922 578 1024 631 tibi
1085 580 1457 643 reddendum,
1514 597 1629 632 non
1684 580 1863 633 obno-

233 667 384 720 xium
436 667 737 719 ventOrum
789 671 886 718 aut
938 665 1211 719 fluctuum
1258 667 1494 730 incertO,
1543 685 1728 736 neque
1775 685 1866 719 ar-

234 752 339 806 mis
385 750 676 804 insidiisve
720 750 1051 819 piratarum.
1133 753 1276 805 Haec
1322 752 1577 805 scribens
1628 754 1865 805 verebar

234 847 294 893 ut
336 838 481 891 satis·
518 845 718 907 parato
756 836 813 889 in
850 856 1100 905 praesens
1142 857 1295 891 esses
1337 838 1531 891 animo
1574 839 1647 891 ad
1691 839 1862 892 istam
2488 820 2496 930 Ξ

229 926 552 997 jaciendam
606 926 905 994 sperandae
958 926 1426 979 commutationis
1479 925 1692 990 aleam,
1750 944 1864 995 qua
2487 933 2493 1020 f

234 1012 393 1066 nihil·
438 1021 634 1065 tamen
682 1014 785 1065 >est
851 1012 1117 1065 securiuS.
1198 1012 1329 1082 Scio
1392 1031 1494 1066 vos
1559 1006 1863 1081 praefectos
2465 1077 2474 1081 „

236 1099 588 1153 Malacenses
628 1098 863 1177 excelsis
903 1098 1125 1176 animis,
1155 1117 1503 1177 quamquam
1545 1098 1686 1153 satis
1725 1099 1861 1152 alio·
1939 1146 1942 1148 .
2021 1132 2023 1135 -
2465 1071 2490 1182 ἕ

236 1186 328 1256 qui
380 1185 723 1255 experrectis
775 1185 846 1237 ad
899 1184 1135 1248 lucrum,
1196 1185 1343 1239 hanc
1408 1193 1602 1240 tamen
1669 1186 1864 1239 certis·
1947 1205 1952 1213 ’
2481 1214 2487 1251 1

235 1274 437 1327 simam
477 1280 659 1326 art-em
700 1272 984 1326 utilissimi
1025 1273 1350 1342 compendii
1391 1274 1726 1344 plerumque
1768 1293 1863 1327 ne·
2478 1255 2486 1363 ᾗ

236 1362 442 1430 gligere
489 1360 686 1413 solere.
1277 1429 1280 1431 v
2477 1373 2483 1397 1

305 1449 482 1500 Latro
516 1445 855 1500 ‘navarchus
901 1453 1094 1500 noster
1138 1446 1230 1500 hic
1277 1447 1651 1516 Cangoximae
1704 1448 1858 1501 diem
2475 1478 2480 1503 ρ

237 1534 392 1588 obiit.
473 1534 775 1588 Inservivit
818 1534 982 1588 nobis
1025 1553 1092 1588 ex
1133 1534 1309 1589 animi
1353 1534 1467 1590 fere
1510 1536 1691 1590 nostri
1738 1554 1863 1590 sen·
2474 1549 2480 1575 ²

236 1622 413 1675 tentia
465 1617 829 1692 navigatione
879 1629 1002 1674 tota
1018 1640 1030 1683 ;
1091 1635 1195 1686 necj
1247 1641 1351 1676 nos
1402 1629 1597 1677 tamen
1644 1622 1695 1677 ei
1741 1624 1864 1678 red-

237 1712 365 1763 dere
415 1710 598 1763 vicem
652 1710 709 1761 in
762 1717 929 1779 portu
981 1716 1152 1778 atque
1204 1709 1261 1761 in
1315 1717 1498 1763 morte
1549 1709 1862 1778 potuimus,

239 1795 351 1864 Ipsi
391 1795 544 1849 enim
585 1796 729 1848 mori
768 1796 931 1847 libuit
972 1796 1029 1847 in
1069 1797 1472 1865 superstitione
1512 1816 1632 1859 sua,
1676 1816 1861 1866 neque

237 1882 368 1935 illud
411 1882 613 1936 saltem
657 1882 821 1935 nobis
865 1882 1141 1952 reliquum
1189 1882 1341 1947 fecit,
1390 1901 1503 1952 quo
1550 1884 1676 1936 aliis
1721 1884 1861 1936 ami·
2462 1896 2471 1933 r

237 1969 314 2023 cis
377 1969 434 2023 in
499 1969 811 2024 christiana
874 1969 1224 2039 professione
1298 1970 1583 2023 defunctis
1657 1970 1865 2023 referre
2458 1945 2470 2016 i

236 2065 361 2126 post
415 2065 659 2112 mortem
716 2057 960 2128 gratiam
1012 2076 1333 2127 possumus,
1401 2060 1865 2113 commendando
2456 2017 2469 2146 ζ

239 2163 429 2199 eorum
470 2147 692 2200 animas
723 2149 874 2209 Deo;
924 2147 1154 2216 quando
1195 2147 1367 2200 miser
1406 2131 1568 2200 suam
1608 2146 1863 2200 animam
2416 2147 2467 2223 f

241 2232 295 2286 in
334 2234 614 2288 infernum
654 2235 912 2305 projecit,
956 2234 1049 2288 ubi
1090 2234 1745 2304 nulla-estredemptiO.

311 2322 475 2376 Multi
541 2322 673 2376 hinc
735 2325 989 2394 Japones
1048 2322 1120 2375 ad
1177 2340 1279 2375 vos
1343 2322 1633 2392 navigant,
1693 2323 1767 2375 ad
1806 2322 1864 2376 id
2411 2224 2464 2461 ἐ

240 2410 534 2463 consilium
587 2411 814 2479 impulsi
868 2410 1224 2463 sermonibus
1280 2409 1437 2462 Pauli
1492 2409 1673 2462 nostri
1720 2409 1864 2463 mira

241 2495 306 2547 de
372 2498 779 2551 Lusitanorum
842 2497 1146 2550 virtutibus
1211 2496 1515 2548 narrantis.
1624 2498 1743 2550 Oro
1808 2504 1865 2550 et

241 2580 472 2636 obsecro
522 2591 580 2636 te
631 2601 732 2652 per
776 2591 1054 2652 quantum
1109 2584 1234 2634 Deo
1286 2583 1458 2634 debes
1505 2590 1560 2634 et
1605 2590 1720 2634 tuae
1765 2601 1864 2634 no-
2445 2478 2459 2684 ἰ

240 2664 457 2732 bilitati,
512 2669 707 2738 excipe
765 2668 889 2722 illos
950 2668 1260 2721 honorifice
1312 2684 1378 2719 ac
1429 2667 1754 2731 liberaliter,
1808 2676 1864 2720 et
2445 2687 2453 2774 ἱ

242 2751 311 2804 da
351 2772 582 2823 operam
626 2764 687 2809 ut
731 2756 881 2824 apud
932 2754 1240 2808 Lusitanos
1284 2754 1548 2822 copiosos
1590 2761 1646 2807 et
1690 2754 1864 2806 hone-

241 2845 375 2903 stOS,
404 2860 437 2893 a
481 2850 538 2895 te
579 2843 771 2911 jussos
814 2838 1199 2895 omnem'illis
1245 2839 1664 2898 humanitatem
1711 2840 1863 2894 exhi-

242 2923 386 2992 bere,
453 2929 750 2999 splendide
815 2929 1230 2998 commodeque
1292 2928 1664 2981 diversentur.
1747 2929 1867 2980 Ma-

243 3029 351 3080 gno
409 3017 465 3070 id
524 3019 631 3071 illis
700 3018 871 3084 (mihi
937 3018 1133 3081 crede)
1196 3016 1573 3070 invitamento
1631 3015 1736 3070 erit
1794 3017 1866 3070 ad

247 3098 457 3162 Christi
522 3105 855 3176 religionem
920 3104 1398 3179 amplectendam,
1474 3104 1521 3156 si
1592 3122 1727 3161 vera
1798 3104 1869 3161 de
