2639 3798
440 357 654 407 NOTES,
695 349 1115 397 CORRECTIONS
1154 357 1234 396 ET
1273 348 1628 396 VARIANTEs.
1739 360 1844 413 447

221 492 264 534 la
299 493 536 536 Pecherie.
599 493 705 537 Elle
739 501 927 550 compte
967 493 1260 551 aujourd’hui
1302 506 1415 547 1300
1447 492 1682 536 chretiens
1719 505 1846 549 para-

220 562 338 594 vers.

276 623 413 667 Xaca.
475 624 878 681 Chakya-mouni,
924 626 1168 669 fondateur
1207 626 1267 668 du
1304 624 1636 667 Bouddhisme.
1679 624 1757 668 On
1802 626 1846 667 le

217 695 408 726 nomme
432 685 457 705 “
472 682 662 727 Chaca''
686 697 743 727 au
776 683 941 741 Japon.

284 755 443 799 Yurea.
506 755 653 808 Ivree‚
690 770 749 800 en
785 756 1016 808 Piemont,
1040 756 1189 814 patrie
1224 758 1285 799 du
1319 756 1522 799 cardinal
1557 755 1845 799 Pierre-Bo-

215 812 362 856 niface
384 813 422 856 F
424 814 580 868 errier,
603 815 726 872 legat
747 817 804 859 de
827 816 1053 873 Bologne.

595 1052 1448 1097 *IN-VCW‘X—
1456 1071 1477 1077 .-

302 1446 560 1516 NOTES‚
616 1449 1131 1504 CORRECTIONS
1183 1448 1279 1500 ET
1314 1450 1797 1503 VARIANTES..

284 1594 732 1644 Assssassvm-rioNs
754 1597 1049 1661 employees
1075 1598 1202 1646 dans
1230 1597 1303 1646 —les
1332 1613 1482 1662 pages
1509 1592 1769 1646 suivantes
1792 1616 1803 1649 :

277 1703 401 1746 Add.
444 1703 684 1748 Addition.
753 1706 841 1749 Col.
886 1705 1078 1750 Edition
1121 1708 1178 1750 de
1220 1705 1446 1763 Cologne.
1513 1704 1639 1749 corr.
1688 1703 1844 1750 Corri-

219 1775 316 1818 gez.
384 1762 481 1805 Cut.
514 1763 724 1816 Cutillas,
748 1764 929 1807 editeur
960 1766 1181 1822 espagnol
1204 1767 1284 1808 des
1314 1766 1500 1808 Lettres
1533 1767 1589 1807 de
1613 1764 1679 1807 St.
1702 1764 1844 1807 Fran-

219 1820 315 1874 cois
336 1820 522 1864 Xavier.
583 1823 639 1866 L.
661 1822 826 1880 Ligne.
888 1825 1025 1867 Louv.
1044 1824 1237 1868 Edition
1260 1827 1317 1867 de
1344 1823 1572 1867 Louvain.
1633 1823 1684 1867 P.
1703 1822 1842 1880 Page.

217 1880 315 1923 Pos.
339 1879 576 1934 Possinus,
599 1881 781 1926 editeur
814 1885 893 1927 des
922 1884 1108 1928 Lettres
1132 1885 1193 1928 du
1227 1883 1371 1928 Saint.
1437 1884 1569 1927 Turs.
1593 1882 1843 1936 Tursellin,

218 1939 444 1983 historien
467 1947 515 1984 et
545 1940 727 1985 editeur
748 1944 829 1986 des
851 1943 1052 1988 Lettres.
1123 1944 1224 1987 Var.
1255 1943 1487 1987 Variante.

884 2030 1078 2081 Tome
1119 2032 1167 2080 Ι.

215 2117 340 2175 Page
360 2129 428 2160 11.
470 2118 562 2162 Les
585 2127 707 2163 mots
729 2134 787 2164 en
810 2122 1026 2180 italiques
1049 2124 1161 2166 dans
1182 2130 1307 2166 cette
1331 2136 1448 2180 page
1470 2130 1576 2165 sont
1598 2122 1709 2165 tires
1732 2121 1843 2177 d'yun

334 2179 620 2234 autographe
642 2179 722 2236 qui
743 2181 924 2239 corrige
948 2183 1014 2225 les
1036 2182 1289 2238 premieres
1311 2182 1527 2224 editions.

218 2249 326 2306 Pag.
352 2261 420 2300 22,
443 2249 570 2306 ligne
594 2260 632 2301 7.
721 2252 919 2298 Cutillas
940 2255 1185 2298 retranche
1208 2255 1274 2297 les
1298 2262 1447 2297 mots:
1469 2260 1614 2297 octavo
1634 2257 1702 2296 die
1721 2269 1764 2297 a.

274 2346 334 2353 —
429 2321 457 2364 1.
501 2334 571 2375 23.
648 2322 896 2378 Omnibus,
948 2333 1035 2370 etc.
1092 2326 1326 2369 Variante:
1357 2326 1523 2369 Vester
1565 2325 1612 2368 in
1655 2325 1843 2370 Christo

336 2380 557 2425 minimus
579 2382 719 2427 frater
742 2384 927 2442 (Cut.).

219 2454 327 2511 Pag.
352 2465 421 2521 ².7’
444 2453 474 2497 1.
500 2467 567 2510 19.
630 2455 742 2503 Post
768 2458 980 2525 ‘aliquem
1072 2458 1230 2504 studui
1276 2472 1420 2516 spem.
1493 2458 1597 2504 ναν.
1628 2466 1734 2516 post
1757 2460 1842 2507 vha·

334 2513 477 2616 gnann‘n
514 2516 687 2619 {edrne
718 2518 963 2575 ahqualem
994 2519 1069 2563 vel
1098 2518 1432 2576 cognitionem,
1451 2519 1527 2563 vel
1553 2519 1717 2564 saltem
1741 2531 1841 2564 um-

366 2586 416 2616 ra
468 2607 479 2626 ‚
502 2586 523 2618 s
546 2587 576 2618 u
612 2590 659 2620 ui
681 2591 825 2633 spem.

218 2653 326 2706 Pag.
351 2661 420 2703 29,
445 2645 476 2697 l.
502 2655 569 2696 18.
631 2651 775 2704 Tuus,
801 2651 1133 2709 probablement
1159 2650 1345 2695 Servus.
1362 2676 1420 2683 -
1436 2648 1753 2708 Quoadusque
1776 2650 1843 2695 vi-

333 2710 467 2756 xerit.
511 2713 614 2755 Var.
641 2712 947 2768 quoadusque
979 2709 1140 2754 vixero
1165 2708 1356 2767 (Cut.).

216 2787 326 2845 Pag.
351 2800 419 2841 33,
455 2788 485 2830 1.
521 2787 561 2828 8.
623 2786 690 2827 XI
723 2784 827 2826 Kal.
865 2783 1150 2827 Novembris
1190 2783 1279 2840 (22
1319 2782 1526 2827 Octobre
1541 2781 1577 2839 ).
1650 2783 1753 2826 Var.
1789 2796 1840 2828 12

334 2846 540 2889 Octobre
565 2845 706 2903 (Cut.
722 2843 759 2901 ).
1721 2848 1724 2852 ’

214 2918 326 2976 Pag.
351 2920 420 2972 36,
444 2920 473 2963 l.
499 2930 567 2972 25.
630 2918 928 2961 Monstravit.
1003 2919 1106 2959 Var.
1130 2917 1399 2960 monstratis
1424 2916 1562 2974 (Cut.
1578 2916 1614 2972 ).

215 2991 326 3049 Pag.
352 3002 421 3046 37,
444 2992 472 3035 l.
500 3003 568 3046 15.
628 2990 772 3035 Nulla
807 2990 981 3048 praevia
1016 2990 1332 3049 suggestione.
1405 2990 1508 3033 Var.
1540 2988 1670 3046 Quin
1693 3004 1778 3034 nos
1799 2991 1844 3034 ei

336 3065 537 3111 unquam
563 3051 757 3095 verbum
796 3051 1040 3095 fecerimus
1074 3064 1161 3094 nec
1197 3064 1280 3107 per
1312 3064 1412 3104 nOS,
1447 3064 1533 3093 nec
1567 3064 1651 3108 per
1683 3050 1843 3098 tertias

335 3124 553 3167 personas
582 3111 722 3169 (Cut.
739 3111 774 3167 ).
