2639 3798
670 353 853 395 L113ER
890 353 1017 394 v111.
1037 370 1109 378 --
1130 355 1424 394 EPISTOLA
1460 355 1598 393 xxn.
1839 355 1943 406 323

325 499 380 545 et
425 489 805 560 vectigalium,
852 510 978 561 quae
1032 493 1265 547 Bazaini
1310 492 1381 546 ad
1426 492 1698 545 alimenta
1748 505 1942 560 opera-

324 595 445 632 rum
489 578 941 649 evangelicarum
985 580 1258 635 Societati
1300 598 1396 633 rex
1436 576 1764 647 assignavit,
1810 593 1938 646 pru-

324 662 517 719 dentia
558 672 614 719 et
656 666 970 720 attentione
1012 685 1114 736 par
1155 667 1373 721 futurus
1415 667 1689 719 videatur.

395 750 545 803 Tum
614 771 752 805 ,vero
830 752 1104 807 Melchior
1178 752 1524 815 NunneziuS,
1607 750 1945 804 Bazainensi
1997 758 2005 763 ’

325 837 722 908 procuratione
773 838 929 905 liber,
991 840 1201 896 Etesiis
1252 839 1458 910 Aprilis
1512 837 1793 892 Malacam
1847 855 1944 891 na·

324 924 492 993 viget,
540 925 672 978 inde
718 928 1000 998 Japonem
1048 928 1346 997 petiturus.
1424 927 1746 980 Gauderem
1794 924 1945 993 equi-

327 1011 474 1075 dem,
503 1031 606 1082 pro
648 1032 715 1067 ea
757 1032 928 1084 quam
971 1022 1139 1068 teneo
1177 1013 1381 1068 notitia
1408 1012 1627 1067 dotium
1676 1010 1944 1066 Melchio-

329 1099 403 1154 ris
463 1101 876 1169 praestantium,
940 1110 994 1155 et
1040 1102 1133 1155 illa
1180 1099 1522 1155 Bazainensi
1576 1097 1950 1168 occupatione

329 1186 698 1255 superiorum,
773 1189 945 1243 talem
1013 1189 1305 1244 hominem
1378 1187 1702 1257 expeditum
1777 1185 1948 1251 illinc,

331 1274 639 1329 substituto
712 1276 918 1329 idoneo
992 1296 1333 1340 successore,
1403 1292 1570 1345 posse
1641 1271 1949 1332 transferri.

332 1362 606 1415 Doctrina
656 1364 827 1428 enim,
882 1382 993 1433 qua
1038 1374 1122 1418 est
1165 1363 1461 1434 insigniter
1511 1360 1783 1426 excultus,
1838 1358 1951 1414 illic

330 1447 507 1501 multo
555 1457 703 1502 esset
750 1449 941 1502 utilior
985 1469 1155 1520 quam
1201 1449 1437 1503 Bazaini
1480 1449 1653 1503 modo
1697 1455 1802 1503 est.
1882 1448 1949 1501 Id

328 1551 495 1602 porro
548 1535 594 1586 si
646 1535 823 1598 fieret,
885 1537 1098 1590 moveri
1157 1535 1468 1590 Herediam
1522 1534 1740 1590 Cocino
1800 1533 1951 1587 haud

335 1622 642 1690 expediret,
712 1641 841 1675 cum
888 1622 1011 1675 aliis
1056 1623 1126 1675 de
1171 1622 1374 1686 causiS,
1427 1630 1550 1676 tum
1603 1620 1735 1689 quia
1784 1621 1955 1690 Japo·

332 1707 561 1762 nienses
607 1709 883 1779 angustiae
926 1709 1051 1780 plus
1092 1728 1205 1764 uno
1248 1709 1437 1779 augeri
1482 1709 1650 1764 Socio
1692 1724 1807 1763 non
1848 1706 1959 1762 exi-

310 1804 472 1866 gunt
524 1814 674 1851 nunc
728 1798 975 1868 quidem.
1055 1799 1342 1852 Caeterum
1387 1806 1449 1850 tu
1496 1814 1723 1849 omnem
1774 1794 1956 1865 (quod

332 1881 474 1939 solet
514 1882 657 1949 dici)
690 1883 885 1938 funem
927 1902 1109 1950 move,
1151 1885 1401 1955 nihilque
1441 1893 1679 1939 conatus
1717 1901 1785 1938 ac
1824 1901 1956 1936 con·

332 1970 603 2025 tentionis
668 1972 886 2036 omitte,
941 1973 1128 2042 quoad
1186 1973 1393 2026 efficias
1447 1980 1506 2025 ut
1558 1970 1757 2024 saltem
1784 1976 1786 1978 ’
1812 1987 1958 2023 unus

335 2055 443 2109 hoc
484 2076 636 2110 anno
673 2057 730 2111 in
762 2058 1086 2129 Japoniam,
1116 2076 1309 2114 comes
1349 2058 1458 2113 illie
1498 2058 1717 2113 futurus
1744 2058 1960 2112 Cosmo

330 2143 626 2207 TurrianO,
672 2144 917 2214 naviget.

396 2231 543 2283 Cum
590 2231 909 2285 reverendis
957 2233 1219 2286 Patribus
1255 2240 1310 2286 et
1340 2232 1635 2286 Fratribus
1680 2230 1945 2283 ordinum

325 2316 518 2369 Sancti
548 2317 840 2371 Francisci
872 2326 928 2371 et
962 2319 1157 2372 Sancti
1189 2318 1494 2381 Dominici,
1522 2326 1643 2371 tarn
1669 2325 1731 2370 tu
1771 2335 1943 2387 quam

327 2401 504 2455 nostri
550 2420 750 2457 omnes
796 2405 984 2458 Goani
1030 2405 1266 2473 collegii,
1308 2421 1500 2458 veram
1546 2421 1769 2474 semper
1810 2404 1946 2456 ami-

325 2486 516 2541 citiam
569 2489 849 2554 omnibuS,
909 2491 1059 2560 quod
1112 2492 1183 2545 ad
1235 2508 1336 2544 vos
1387 2489 1610 2555 attinet,
1669 2490 1946 2560 religiosae

323 2572 616 2629 charitatis
656 2576 820 2645 plene
865 2577 1077 2631 cultam
1120 2578 1316 2630 officiis
1358 2584 1577 2638 tenete;
1634 2576 1942 2646 diligentis-

325 2661 481 2726 sime,
516 2664 668 2732 quod
704 2664 761 2717 in
796 2664 956 2719 vobis
993 2672 1096 2730 est,
1126 2673 1321 2719 cavete
1359 2682 1430 2717 ne
1467 2662 1638 2716 ullam
1675 2663 1941 2734 cuiquam

325 2744 543 2801 illorum
609 2748 907 2819 quisquam
964 2758 1215 2804 vestrum
1274 2750 1489 2803 dissidii
1547 2767 1746 2804 ansam
1805 2767 1945 2820 prae-

324 2831 472 2888 beat.
551 2835 611 2888 Si
656 2836 727 2889 ab
772 2836 879 2890 illis
924 2836 1207 2891 discordia
1259 2836 1511 2906 coeperit,
1565 2828 1946 2908 cujus‘signi-

325 2919 618 2975 ficationes
650 2942 680 2976 e
718 2942 879 2977 sacro
924 2923 1060 2992 ipsis
1105 2923 1322 2993 pulpito
1369 2932 1688 2993 erumpant,
1734 2941 1836 2980 vos
1881 2925 1948 2980 iis

327 3025 655 3080 responsare
709 3005 921 3067 arbitro
965 3010 1193 3083 popu10,
1239 3031 1339 3083 per
1386 3011 1591 3076 Deum,
1645 3011 1947 3068 abstinete.

329 3094 537 3151 Dicant
591 3097 665 3151 illi
713 3099 863 3167 quod
918 3115 1051 3153 suus
1102 3099 1208 3152 illis
1260 3099 1411 3153 zelus
1463 3100 1786 3156 dictaverit:
1848 3118 1948 3162 vos
