2665 3754
688 368 792 423 282
1040 384 1224 423 LIBER
1261 383 1390 423 vm.
1412 398 1484 407 —
1505 383 1798 423 EPISTOLA
1835 383 1949 422 xm.

684 524 827 576 adeo
873 533 1005 578 sunt
1048 523 1298 594 periculo
1338 523 1521 594 plenae
1563 525 1715 594 apud
1758 524 1912 594 ipsos
1953 524 2126 578 etiam
2170 523 2311 578 chri-

685 607 903 663 stianoS
959 610 1246 679 principes
1297 628 1365 664 ac
1416 628 1593 680 regeS,
1648 612 1856 664 nedum
1910 612 2062 679 apud
2113 611 2310 665 barba-

685 701 829 762 ros).
908 699 1121 751 Verum
1174 697 1307 750 illud
1362 697 1619 767 ingentes
1665 698 1829 751 nobis
1874 697 2099 751 animos
2142 696 2309 752 vires-

684 802 794 854 que
857 785 1035 849 addit,
1124 786 1276 854 quod
1346 784 1495 838 hanc
1569 793 1817 839 mentem
1888 786 2044 838 Deus
2118 784 2309 854 injecit

688 874 998 936 (mearum>
1026 869 1436 940 cogitationum
1485 889 1691 940 scopus
1736 878 1791 925 et
1837 870 2018 935 finis),
2048 870 2310 939 idemque

684 977 789 1013 nos
831 961 997 1014 bonae
1040 960 1159 1029 spei
1202 977 1269 1013 ac
1309 960 1531 1013 fiduciae
1574 960 1856 1029 implevit:
1911 960 2055 1012 adeo
2097 968 2158 1027 ut
2203 959 2309 1011 Dei

682 1046 1034 1115 benignitate
1085 1046 1230 1109 freti,
1279 1046 1418 1099 nihil
1463 1047 1533 1100 de
1575 1047 1855 1100 immensa
1896 1047 2018 1114 ejus
2062 1053 2307 1114 potesta-

682 1142 756 1196 te,
796 1153 923 1203 quae
960 1134 1196 1186 infinitis
1231 1134 1488 1202 partibus
1529 1134 1794 1186 Sinarum
1831 1153 2020 1203 regem
2058 1132 2309 1201 aliosque

682 1221 834 1274 orbis
877 1221 1169 1274 universos
1212 1228 1460 1288 superat,
1506 1221 1850 1275 dubitemus.

758 1304 1020 1369 Proinde,
1062 1323 1191 1358 curn
1232 1303 1341 1359 hoc
1382 1304 1675 1374 negotium
1714 1311 1902 1359 totum
1943 1304 2000 1358 in
2044 1303 2152 1358 Dei
2193 1321 2306 1359 ma-

681 1411 754 1447 nu
800 1393 872 1447 sit
914 1410 981 1446 ac
1022 1399 1324 1461 potestate,
1370 1392 1554 1445 nullus
1599 1391 1934 1462 relinquitur
1973 1390 2165 1444 timori
2209 1398 2304 1443 aut

681 1477 1023 1530 dubitationi
1076 1477 1251 1529 locus.
1331 1478 1531 1544 Neque
1584 1478 1735 1529 enim
1793 1477 1944 1529 aliud
1997 1477 2306 1544 quidquam

681 1565 882 1617 timere
925 1564 1216 1626 debemUS,
1247 1563 1355 1615 nisi
1398 1582 1486 1625 ne,
1517 1563 1734 1616 coelesti
1779 1563 2028 1616 Numine
2073 1562 2305 1626 offenSO,

680 1650 965 1704 intentata
1016 1649 1290 1718 improbis
1337 1650 1613 1718 supplicia
1665 1650 2039 1703 incurramus,
2121 1650 2307 1718 Quare

679 1737 935 1809 projecta
976 1736 1158 1807 magis
1197 1735 1436 1788 audacia
1476 1736 1698 1789 videtur
1725 1743 1781 1789 et
1822 1735 2170 1788 confidentia
2210 1755 2305 1789 eos

678 1826 860 1893 legem
907 1825 1084 1892 ipsius
1127 1825 1268 1877 velle
1314 1826 1642 1893 praedicare,
1687 1826 1782 1894 qui
1826 1833 2062 1893 peccata
2107 1842 2207 1878 sua
2249 1833 2304 1878 et

678 1910 916 1963 crimina
979 1908 1290 1962 clarissime
1353 1909 1567 1970 vident,
1634 1930 1805 1980 quam
1867 1916 2087 1962 exteras
2152 1908 2306 1962 adire

678 2006 876 2067 gentes
918 1999 990 2052 ad
1037 2005 1337 2051 extraneos
1384 2006 1439 2051 et
1485 2006 1869 2067 praepotentes
1915 2015 2074 2067 reges
2120 2015 2301 2068 repre-

679 2083 1013 2138 hendendos
1065 2091 1120 2137 et
1173 2083 1245 2137 ad
1307 2083 1603 2137 veritatem
1673 2082 2082 2138 informandos.
2164 2082 2303 2138 Mihi

677 2191 811 2226 vero
859 2172 1166 2224 maximam
1219 2172 1305 2224 vel
1359 2190 1518 2240 spem
1561 2172 1649 2225 vel
1700 2172 1969 2224 fiduciam
2012 2171 2105 2223 illa
2147 2171 2304 2224 affert

678 2258 969 2328 cogitatiO,
999 2259 1071 2313 ad
1112 2265 1340 2313 tantum
1384 2276 1526 2327 opus
1572 2262 1879 2328 (quantum
1924 2266 2010 2313 est
2051 2259 2305 2313 barbarae

677 2356 733 2400 et
766 2347 1169 2416 superstitione
1209 2366 1275 2398 ac
1307 2347 1459 2398 vitiis
1497 2356 1796 2399 exeaecatae
1838 2347 2075 2410 nationi,
2105 2346 2162 2398 in
2190 2344 2299 2398 alio

676 2452 838 2504 paene
878 2435 1012 2488 orbe
1051 2441 1348 2498 terrarum,
1381 2434 1676 2503 Evangelii
1716 2452 1783 2488 ac
1820 2434 2075 2489 veritatis
2114 2434 2304 2489 lumen

677 2521 926 2586 offerre,)
1005 2519 1382 2575 inertissimos
1458 2520 1952 2591 nequissimosque
2026 2521 2306 2585 homineS,

677 2608 872 2677 quales
918 2625 1024 2661 nos
1070 2625 1283 2672 sumUS,
1333 2626 1457 2661 esse
1503 2608 1755 2662 delectos
1801 2627 1835 2661 a
1882 2610 2025 2662 Deo.
2107 2610 2308 2677 Itaque

678 2713 822 2763 opus
849 2702 935 2748 est
987 2702 1048 2747 ut
1117 2693 1205 2747 his
1276 2694 1483 2747 animis
1535 2702 1590 2748 et
1644 2695 2021 2760 confidentiae,
2086 2694 2225 2749 mihi
2275 2712 2308 2748 a

680 2783 805 2835 Deo
872 2799 974 2850 pro
1027 2799 1129 2834 sua
1195 2782 1547 2850 benignitate
1611 2782 1915 2846 concessiS,
1974 2791 2175 2852 parata
2226 2799 2307 2834 re-

678 2867 958 2937 spondeat
1009 2867 1272 2920 voluntas
1339 2875 1598 2920 sanctam
1637 2868 1828 2937 ipsius
1894 2868 2077 2937 legem
2130 2866 2307 2921 mani-

677 2953 943 3017 festandi,
974 2953 1253 3021 siquidem
1282 2953 1339 3006 id
1383 2953 1434 3005 ei
1476 2954 1638 3007 libuit
1684 2955 2005 3023 Majestatis
2046 2963 2160 3008 tuae
2187 2972 2306 3024 pre·

677 3039 838 3093 cibus
895 3047 951 3092 et
979 3039 1201 3092 auxiliis
1244 3040 1480 3092 efficere.
1563 3040 1744 3093 Multa
1777 3060 1810 3093 a
1846 3041 2149 3109 Majestate
2190 3049 2306 3103 tua,

676 3128 936 3183 beneficii
978 3128 1121 3193 1000,
1167 3128 1235 3181 iis
1276 3128 1412 3200 petii
1457 3128 1552 3201 qui
1596 3148 1826 3198 operam
1871 3130 1962 3185 hic
2006 3129 2172 3200 regiis
2213 3146 2305 3182 ne·
