2665 3754
761 338 869 390 404
1140 338 1324 375 LIBER
1364 338 1438 375 IX.
1462 355 1532 360 —
1554 338 1846 376 EPISTOLA
1890 338 2004 377 XIV.

758 472 856 526 sed
913 491 978 526 ea
1033 472 1240 527 diserte
1296 474 1629 528 denuntiata
1684 474 2029 539 conditione,
2074 474 2133 531 si
2187 484 2378 532 sancte

757 558 1090 629 polliceatur
1126 579 1185 614 se
1223 560 1280 613 in
1317 560 1489 615 alium
1527 561 1850 631 religiosum
1887 560 2162 616 Ordinem
2200 569 2379 619 trans-

755 638 985 701 iturum.
1067 648 1133 700 Id
1187 649 1462 702 duntaxat
1517 650 1610 701 ubi
1657 649 1805 702 clare
1857 648 2198 718 promiserit,
2246 650 2379 719 juva

758 735 914 789 illum
958 744 1013 790 et
1061 736 1186 790 fove
1229 754 1333 805 pro
1372 745 1471 790 tua
1511 738 1693 807 copia,
1747 756 1813 791 ea
1858 737 2210 807 benignitate
2251 738 2378 794 cha-

759 822 944 876 ritatis
980 842 1106 893 quae
1145 823 1331 892 ipsum
1370 823 1549 892 possit
1587 824 1643 876 in
1678 824 1787 878 isto
1813 824 2106 893 proposito
2140 825 2378 880 firmare.

834 913 1122 982 Interpres
1151 930 1318 982 quem
1349 912 1684 982 scripseram
1711 912 1852 967 velle
1881 931 2105 966 mecum
2135 912 2192 966 in
2217 912 2379 969 Sinas

757 1000 853 1064 ire,
898 1000 970 1053 ab
1013 999 1106 1053 illo
1149 1000 1384 1053 consilio
1426 1008 1580 1055 metu
1620 1001 1835 1064 resiliit,
1878 1019 2081 1070 meque
2124 1001 2377 1058 destituit

755 1088 846 1142 hic
893 1087 1131 1141 haerens.
1213 1089 1333 1140 Nos
1380 1088 1437 1139 in
1471 1088 1751 1157 jaciendae
1793 1089 2201 1157 cujuscumque
2245 1088 2377 1142 aleae

752 1178 984 1231 decreto
1019 1177 1392 1245 persistimuS,
1433 1177 1559 1231 freti
1596 1178 1703 1231 Dei
1741 1178 1966 1241 auxiliO,
2004 1178 2114 1231 tria
2146 1178 2377 1232 omnino

752 1264 960 1333 capita,
999 1264 1284 1315 Antonius
1324 1267 1387 1326 (a
1416 1265 1615 1314 Sancta
1646 1264 1781 1314 Fide
1810 1263 2084 1325 SinensiS‚
2123 1263 2180 1314 in
2217 1263 2376 1316 colle-

752 1349 845 1418 gio
888 1350 1224 1413 educatus),
1279 1358 1334 1402 et
1376 1349 1840 1418 ChristophorUS,
1895 1358 1951 1401 et
2004 1367 2108 1418 ego
2159 1349 2375 1401 tertius.

752 1436 870 1490 Ora
920 1434 1227 1504 plurimum
1279 1453 1382 1503 pro
1428 1435 1593 1488 nobis
1638 1436 1892 1489 divinum
1941 1436 2188 1498 Numen,
2244 1452 2373 1488 nam

749 1522 1062 1592 periculum
1096 1522 1233 1576 dirae
1270 1522 1558 1575 servitutis
1589 1522 2097 1592 praesentissimum
2135 1521 2374 1575 adimus

751 1611 864 1665 Sed
911 1610 1237 1665 consolatur
1281 1628 1385 1664 nos
1430 1609 1538 1665 hoc
1582 1617 1912 1681 reputantes
1954 1611 2106 1680 quod
2152 1627 2373 1680 persua-

753 1699 1042 1751 sissimum
1095 1698 1389 1761 habemuS‚
1443 1699 1610 1767 longe
1661 1707 1931 1767 praestare
1984 1698 2272 1766 captivum
2325 1704 2377 1749 et

754 1784 1008 1839 vinctum
1055 1802 1177 1839 esse
1225 1784 1344 1838 solo
1394 1785 1501 1838 Dei
1555 1802 1766 1849 amore,
1818 1803 1988 1855 quam
2042 1784 2375 1847 libertatem,

756 1871 1174 1941 quantumlibet
1239 1872 1572 1940 jucundam,
1652 1872 1783 1941 fuga
1852 1873 2108 1926 laborum
2181 1872 2376 1926 Crucis

761 1959 973 2014 Christi
1020 1959 1225 2028 ignava
1271 1960 1607 2029 ingrataque
1653 1977 1858 2012 emere.

832 2045 891 2099 Si
931 2045 1075 2099 forte
1112 2045 1467 2114 contingeret
1506 2054 1881 2100 mercatorem
1915 2047 2134 2110 Sinam,
2174 2063 2241 2099 ex
2273 2061 2379 2114 quo

758 2150 888 2202 spes
925 2133 1104 2185 nostri
1144 2135 1468 2185 Cantonem
1505 2134 1779 2202 trajectus
1815 2134 2046 2202 pendet,
2091 2141 2189 2184 aut
2228 2138 2377 2183 metu

752 2227 850 2274 aut
897 2220 1006 2273 alia
1052 2238 1119 2273 ex
1165 2238 1336 2274 causa
1382 2221 1617 2274 consilio
1665 2228 1904 2284 mutatO,
1951 2221 2123 2273 fidem
2170 2218 2374 2280 fallere,

756 2308 813 2359 in
866 2307 965 2360 tali
1017 2307 1137 2375 jam
1200 2325 1351 2360 nunc
1413 2315 1618 2360 eventu
1672 2307 1942 2360 constitui
1996 2306 2262 2375 navigare
2320 2305 2374 2356 in

758 2392 947 2447 Sionis
1011 2410 1266 2463 regnum,
1343 2393 1503 2463 cujus
1568 2410 1765 2447 cursus
1827 2409 2078 2462 praesens
2143 2391 2376 2446 facultas

757 2482 937 2534 adest.
1017 2482 1206 2534 Causa
1249 2481 1466 2533 consilii
1509 2489 1595 2533 est
1635 2482 1786 2550 quod
1827 2480 2077 2549 comperi
2117 2476 2375 2533 adornari

756 2584 957 2618 navem
1011 2566 1121 2618 illic
1175 2567 1497 2620 Cantonem
1560 2568 1784 2629 ituram,
1848 2567 1997 2619 intra
2061 2584 2231 2634 quam
2289 2581 2374 2615 me

756 2651 1069 2714 insinuanS,
1118 2653 1163 2703 si
1207 2654 1362 2704 Deus
1405 2652 1621 2714 faverit,
1666 2653 1945 2720 appellam
1989 2661 2121 2704 ante
2156 2665 2372 2703 'annum

756 2747 1071 2791 vertentem
1118 2738 1174 2789 in
1220 2747 1307 2790 tot
1354 2738 1501 2790 votis
1548 2746 1806 2806 optatum
1854 2737 2031 2790 littus.

833 2822 1118 2876 Salutabis
1158 2841 1190 2875 a
1230 2840 1321 2876 me
1360 2815 1710 2891 perofficiose
1752 2823 1966 2876 amicos
2005 2823 2115 2876 illic
2155 2829 2375 2875 nostros

756 2926 972 2972 omneS,
1026 2909 1341 2976 praesertim
1396 2909 1761 2962 Vincentium
1815 2909 2081 2978 Viegam;
2141 2911 2384 2974 (eosque.

757 2996 982 3064 rogabis
1029 3003 1089 3048 ut
1137 3014 1227 3047 me
1273 2996 1524 3048 Domino
1569 3003 1767 3048 nostro
1813 2995 2235 3057 commendent,
2283 2988 2373 3059 qui

757 3083 1048 3136 vobiscum
1105 3091 1350 3145 maneat,
1408 3102 1496 3135 me
1550 3082 1902 3145 comitetur,)
1960 3089 2014 3135 et
2066 3081 2221 3134 Deus
2265 3078 2372 3131 Do-

2622 509 2665 633 <54

2618 763 2665 815 b]
