2639 3798
1860 359 1924 410 81

708 363 893 413 mez‘
930 374 1441 413 vn.-—E1>18T0LA
1482 372 1519 409 1.

300 513 478 580 Iidem
533 519 665 565 sunt
719 511 868 566 inter
920 529 980 566 se
1033 511 1399 582 perofficiosi3
1467 511 1641 564 armis
1695 508 1930 584 mirifice

296 600 667 661 delectantur,
713 600 771 650 in
814 600 996 668 iisque
1041 599 1349 668 plurimum
1396 598 1646 668 praesidii
1688 605 1930 671 ponunt.

299 691 515 744 Omnes
568 686 778 739 summi
826 705 986 756 aeque
1033 685 1328 757 infimique
1374 704 1479 739 suo
1528 684 1767 757 quisque
1819 683 1932 755 gla-

299 775 390 827 dio
442 791 509 826 ac
557 773 805 842 pugione
859 773 1136 827 succincti
1189 773 1493 843 prodeunt,
1547 771 1720 826 etiam
1774 771 1931 840 pueri

299 879 579 916 annorum
643 861 1079 930 quaterdenfim.
1177 860 1411 914 Nullum
1476 863 1683 929 neque*
1721 858 1934 933 fac-tum

302 965 480 1017 neque
509 948 727 1000 dictum
757 946 1236 1000 contumeliosum
1266 945 1410 1000 ferre
1438 945 1642 1000 solent.
1681 936 1686 959 ⁵
1810 959 1813 961 ’

369 1037 558 1101 Atque
625 1041 685 1086 ut
751 1033 954 1101 plebeii
1033 1052 1304 1101 magnum
1381 1033 1657 1088 honorem
1723 1031 1939 1086 habent

301 1121 603 1183 nobilibus,
673 1121 752 1173 ita
817 1119 1036 1172 nobiles
1100 1120 1208 1190 ipsi
1273 1119 1510 1190 regibus
1556 1138 1624 1171 ac
1682 1118 1940 1188 dynastis

303 1206 570 1260 inservire
617 1226 683 1259 ac
730 1206 885 1260 dicto
928 1207 1227 1260 audientes
1275 1224 1399 1261 esse
1447 1208 1554 1261 sibi
1600 1207 1937 1277 praeclarum

304 1302 525 1364 putant.
608 1295 788 1364 quue
830 1293 967 1344 mihi
1010 1294 1194 1345 facere
1233 1294 1502 1347 videntur
1541 1291 1777 1346 honoris
1823 1299 1938 1344 stu—

304 1381 394 1435 dio
437 1380 619 1449 magis
662 1398 833 1450 quam
879 1382 1244 1435 dominorum
1289 1390 1473 1435 metu:
1532 1399 1603 1433 ne
1647 1379 1695 1432 si
1740 1387 1943 1432 contra

305 1468 511 1519 faciant
541 1467 836 1537 dignitatis
865 1468 1078 1535 aliquid
1107 1468 1380 1523 amittant
1410 1486 1546 1523 Suae.

377 1556 538 1608 Parci
597 1564 730 1607 sunt
789 1574 856 1607 ac
908 1555 1152 1625 frugales
1206 1556 1265 1607 in
1320 1556 1467 1619 cibo,
1522 1555 1579 1607 in
1632 1562 1773 1625 potu
1828 1571 1944 1606 non

307 1641 459 1695 item.
541 1641 752 1695 Vinum
806 1649 1010 1711 potant
1058 1659 1125 1696 ex
1180 1660 1351 1713 oryza
1402 1660 1754 1714 expressum,
1809 1659 1944 1691 nam

309 1730 393 1782 his
444 1730 583 1782 locis
639 1729 835 1782 vinum
896 1738 1172 1799 praeterea
1225 1730 1441 1784 nullum
1496 1738 1601 1784 est.
1681 1731 1767 1782 Ab
1820 1728 1943 1781 alea

306 1816 547 1885 ludoque
589 1824 886 1885 tamquam
929 1835 963 1869 a
1009 1819 1177 1870 rebus
1219 1818 1566 1887 turpissimis
1612 1816 1941 1877 abhorrent,

312 1904 458 1970 quod
505 1903 721 1955 lusores
768 1912 1106 1972 appetentes
1150 1904 1265 1958 sint
1308 1904 1497 1968 alieni,
1542 1912 1597 1959 et
1642 1904 1714 1958 ad
1754 1902 1945 1957 'furan-

311 1990 364 2043 di
406 1991 657 2043 studium
692 2009 725 2043 a
753 1991 944 2044 studio
985 1990 1246 2043 lucrandi
1288 1999 1583 2044 vocentur.
1663 1989 1724 2043 Si
1767 2004 1945 2058 quan-

316 2076 386 2127 do
443 2077 657 2144 jurant,
729 2078 912 2145 (quod
976 2084 1172 2130 tamen
1231 2095 1463 2146 perraro
1521 2077 1789 2141 faciunt,)
1850 2092 1951 2144 per

315 2162 486 2215 solem
532 2164 748 2230 jurant.
845 2165 1060 2216 Eorum
1126 2164 1380 2235 plerique
1445 2164 1665 2216 litteras
1719 2169 1947 2223 norunt,

309 2249 461 2314 quod
517 2269 726 2317 magno
780 2250 1115 2317 adjumento
1168 2259 1254 2304 est
1308 2252 1378 2304 ad
1437 2250 1781 2305 solemnium
1827 2265 1952 2318 pre-

312 2335 603 2388 cationum
670 2336 942 2389 formulas
1006 2346 1062 2389 et
1128 2336 1419 2406 religionis
1485 2344 1696 2390 nostrae
1762 2334 1953 2403 capita

311 2418 467 2474 facile
512 2423 1073 2491 comprehendenda.
1159 2425 1428 2494 Singulas
1473 2425 1689 2478 habent
1732 2441 1952 2497 uxores.

316 2505 482 2561 Pauci
545 2509 695 2563 inter
759 2530 858 2564 eos
922 2510 1077 2565 fures
1148 2511 1420 2576 existunt,
1489 2512 1660 2582 idque
1725 2517 1958 2581 propter

312 2608 608 2659 poenarum
681 2598 889 2667 quibus
961 2598 1108 2652 furta
1150 2599 1521 2652 vindicantur
1573 2597 1957 2657 atrocitatem,

314 2683 459 2739 fures
522 2691 733 2760 quippe
798 2711 1000 2744 omnes
1066 2701 1250 2746 morte
1321 2693 1703 2755 mulctantur3
1769 2692 1962 2761 itaque

319 2773 529 2829 nullum
558 2777 842 2832 furtorum
871 2797 1053 2850 genus
1082 2799 1198 2833 non
1227 2781 1468 2833 mirifice
1496 2781 1759 2833 oderunt.

386 2862 531 2916 Sunt
570 2866 643 2918 ad
684 2855 921 2919 omnem
969 2867 1337 2922 honestatem
1379 2868 1587 2921 mirum
1629 2868 1687 2920 in
1727 2858 1962 2945 modum

317 2951 598 3016 propensi,
648 2953 1117 3024 cupidissimique
1167 2953 1445 3009 discendi.
1529 2956 1849 3027 Sermones
1893 2954 1964 3006 de

324 3031 445 3094 Deo
495 3038 778 3108 rebusque
833 3040 1039 3094 divinis
1092 3041 1334 3095 audiunt
1414 3042 1761 3105 avidissime,
1826 3058 1967 3110 prae-

320 3122 521 3194 sertim
588 3144 717 3179 cum
787 3128 927 3181 satis
980 3147 1046 3181 ea
1101 3147 1226 3204 quae
1293 3129 1567 3185 dicuntur
1631 3128 1971 3197 intelligunt.

1779 3360 1814 3418 6
