2712 3754
776 286 844 338 40
1184 285 1364 323 LIBER
1403 287 1480 322 vl.
1503 302 1574 309 —-—-
1594 287 1883 324 EPISTOLA
1922 288 1976 322 v.

774 429 845 479 ad
907 444 1105 479 omnes
1163 427 1550 480 conditionum
1606 445 1671 481 ac
1727 435 2048 494 temporum
2111 433 2377 494 opportu-

776 513 983 566 nitates
1034 520 1411 576 extensarum,
1467 530 1525 566 se
1578 514 1795 566 duobus
1848 512 2091 565 maxime
2135 511 2379 565 tribuere

776 597 1073 667 mysteriis.
1152 598 1578 652 sacramentalis
1656 598 2010 653 Poenitentiae
2074 607 2130 653 et
2194 617 2381 669 perce-

774 685 985 754 ptionis
1050 685 1261 736 Christi
1327 687 1595 755 Corporis
1658 688 1715 740 in
1779 700 1938 740 sacra
2001 684 2381 739 Eucharistia.

775 771 1073 825 Addebant
1125 777 1243 825 tam
1297 776 1427 838 apte
1479 770 1583 824 sibi
1650 769 1826 824 videri
1887 768 2168 835 cohaerere
2236 768 2383 823 inter

775 874 896 909 sese
957 864 1161 909 cuncta
1217 856 1498 926 religionis
1556 858 1876 911 christianae
1938 859 2207 927 dogmata
2263 859 2380 911 uni·

773 961 1106 1012 versamque
1164 945 1537 1013 disciplinam,
1601 955 1661 998 ut
1722 945 2004 998 neminem
2062 946 2187 998 sani
2237 947 2381 1014 judi-

775 1028 844 1081 cii
886 1037 1167 1098 putarent,
1206 1038 1508 1099 postquam
1552 1049 1617 1083 ea
1655 1031 2029 1099 cognovisset,
2067 1049 2233 1099 posse
2271 1049 2382 1084 non

776 1115 1030 1182 probare.

847 1200 1048 1254 Audivi
1100 1220 1270 1255 unum
1325 1221 1392 1255 ex
1442 1203 1596 1272 ipsiS‚
1650 1203 1739 1256 cui
1792 1221 1998 1256 nomen
2059 1195 2173 1258 est‘
2211 1205 2383 1258 Paulo

772 1304 805 1338 a
869 1287 1063 1339 Sancta
1126 1287 1278 1349 Fide,
1331 1305 1459 1340 cum
1512 1287 1623 1342 alte
1674 1288 1962 1357 suspirans
2018 1289 2382 1343 exclamaret:

774 1371 826 1426 Ο
876 1389 977 1425 vos
1027 1372 1275 1426 infelices
1323 1374 1580 1444 Japoniae
1633 1375 1889 1444 popu105‚
1943 1376 2037 1444 qui
2098 1384 2383 1429 creaturas

771 1459 1020 1511 adoratis
1085 1478 1224 1528 quas
1290 1462 1463 1524 DeuS,
1529 1468 1588 1513 ut
1651 1461 1811 1513 vobis
1867 1461 2156 1525 servirent,
2222 1460 2378 1516 fecit!

771 1545 917 1598 Tum
983 1563 1086 1616 ego
1150 1546 1252 1601 illi:
1320 1546 1468 1616 Quid
1534 1547 1629 1611 ita,
1683 1547 1932 1615 inquam,
1990 1546 2178 1610 Paule,
2239 1546 2383 1601 istuc

769 1632 1048 1700 loqueris?
1116 1632 1214 1685 Ille
1278 1633 1349 1685 ad
1413 1651 1530 1686 me:
1600 1633 1870 1687 Misereor
1933 1654 2154 1704 nempe,
2221 1653 2380 1705 repo-

770 1718 899 1783 suit,
956 1720 1254 1789 populares
1306 1738 1480 1785 me05,
1542 1721 1637 1789 qui
1689 1721 1792 1774 soli
1844 1738 1910 1774 ac
1960 1720 2107 1774 lunae
2160 1721 2383 1774 divinos

770 1804 1012 1858 honores
1071 1805 1301 1867 habent,
1363 1825 1491 1858 cum
1552 1807 1660 1858 ista
1719 1806 1839 1857 haec
1897 1807 2082 1857 sidera
2139 1808 2381 1860 ministri

769 1890 881 1943 sint
933 1892 1362 1961 agnoscentium
1418 1894 1728 1945 Dominum
1779 1897 1994 1966 Jesum,
2043 1895 2206 1963 jussu
2263 1896 2384 1964 ejus

768 1981 861 2033 diu
916 1988 1200 2050 noctuque
1251 1981 1432 2034 lucem
1478 1980 1804 2035 hominibus
1850 1979 2225 2049 praeferentia,
2274 1999 2384 2050 qua

768 2066 844 2119 illi
920 2066 1131 2120 scilicet
1206 2074 1438 2119 utantur
1513 2068 1583 2120 ad
1653 2066 1885 2136 gloriam
1958 2067 2379 2138 intelligendam

766 2155 902 2226 Jesu
957 2154 1168 2206 Christi
1224 2154 1330 2206 Dei
1384 2154 1530 2207 Filii.

842 2242 953 2295 Sed
1017 2250 1076 2294 ut
1141 2243 1212 2294 ad
1276 2241 1382 2295 iter
1444 2250 1700 2294 nostrum
1763 2249 2127 2304 revertamur,
2188 2259 2381 2310 perve-

769 2327 955 2384 nimus
1024 2328 1079 2382 in
1149 2328 1295 2382 hanc
1365 2328 1651 2382 civitatem
1725 2329 2105 2381 Malacensem
2174 2337 2290 2382 tres
2352 2347 2382 2382 e

771 2418 1073 2481 Societatc,
1138 2435 1268 2470 cum
1330 2417 1644 2488 Jap'onibus
1705 2416 1964 2480 totidem,
2021 2415 2200 2484 pridie
2257 2415 2381 2469 Kal.

766 2503 966 2574 Junias
1029 2503 1194 2571 hujus
1257 2502 1390 2555 anni
1454 2502 1790 2554 MDXLIX.
1857 2503 2237 2554 Occurrerunt
2293 2520 2381 2553 ex—

768 2590 1169 2642 scendentibus
1254 2589 1670 2641 consentientia
1757 2589 1910 2641 dicta
1994 2588 2382 2656 plurimorum,

770 2676 911 2727 mira
968 2675 1226 2727 certatim
1285 2675 1354 2726 de
1411 2691 1509 2742 spe
1566 2673 1783 2742 optima
1845 2690 2164 2726 successum
2228 2672 2379 2725 habi-

768 2770 907 2812 turae
966 2761 1022 2810 in
1078 2760 1321 2828 Japonia
1375 2760 1798 2827 praedicationis
1854 2758 2191 2827 evangelicae
2245 2775 2382 2810 nun-

769 2846 1035 2900 tiantium
1079 2863 1107 2896 e
1159 2845 1360 2897 litteris
1411 2840 1552 2912 quas
1606 2844 2019 2906 monstrabant,
2073 2843 2143 2895 ab
2189 2843 2386 2896 amicis

769 2931 1057 2986 Lusitanis
1110 2930 1516 2984 mercatoribus
1569 2931 1679 2983 illic
1733 2930 2155 2999 negotiantibus
2201 2929 2383 2983 novis-

770 3019 908 3075 sime
975 3007 1255 3088 acceptas.
1337 3018 1554 3071 Horum
1626 3017 1682 3068 in
1751 3016 1876 3071 unis
1942 3016 2232 3084 legebatur
2287 3016 2382 3089 dy-
