2665 3754
623 384 727 437 240
1010 384 1194 422 LIBER
1231 384 1358 423 VIII.
1380 400 1452 407 -—
1472 384 1764 425 EPISTOLA
1804 384 1856 425 X.

1134 592 1621 667 EPISTOLA
1673 595 1754 653 X.

791 817 869 879 Ρ.
926 820 1311 882 Melchiori
1370 821 1757 883 Nunnczio
1807 822 1967 884 Soc.
2012 823 2073 901 J.

1218 915 1649 981 Bazainum.

686 1152 1021 1222 Spargendus
1067 1153 1223 1204 bon-us
1270 1152 1542 1205 Societatis
1584 1152 1739 1213 odom
1793 1154 2081 1205 necessaria
2126 1171 2241 1205 con-

615 1239 870 1291 cionatori
913 1239 1201 1291 humilitas.
1280 1240 1386 1310 Qui
1422 1240 1621 1309 publice
1664 1240 1878 1309 offendit
1918 1259 1941 1292 e
1985 1242 2243 1293 Societate

612 1327 964 1379 dimittendus,
1056 1328 1342 1378 Redituum
1391 1327 1848 1397 impendendorum
1896 1328 2057 1378 ratio.
2148 1329 2239 1379 Sea

614 1412 1033 1466 dulacharitate
1075 1418 1120 1465 et
1164 1413 1458 1466 humilitate
1501 1414 1844 1467 nanciscenda
1885 1415 2024 1484 apud
2070 1431 2240 1466 omnes

610 1500 808 1570 gratia,
861 1506 907 1552 et
955 1500 1245 1553 uberrimus
1297 1499 1594 1553 animorum
1638 1499 1844 1569 fructus
1896 1499 2234 1570 colligendus.

616 1590 699 1642 De
745 1589 1118 1643 conscribendis
1160 1589 1398 1660 epistolis.

688 1764 887 1817 Gratia
939 1773 994 1816 et
1052 1782 1212 1816 amor
1278 1763 1512 1816 Domini
1577 1762 1755 1816 nostri
1821 1765 1957 1834 Jesu
2026 1761 2241 1816 Christi

615 1851 763 1905 adsit
804 1868 1026 1920 semper
1065 1851 1229 1904 nobis
1268 1852 1473 1904 auxilio
1512 1858 1568 1905 et
1609 1851 1816 1905 favore.
1897 1853 2101 1904 Amen.

773 2014 806 2049 B
848 1996 1078 2050 homine
1117 1997 1220 2050 tibi
1253 1997 1590 2066 cognomine
1622 1996 1930 2051 Melchiore
1960 1996 2246 2051 Gonzalez

805 2085 1023 2140 litteras
1086 2093 1213 2138 tuas
1278 2084 1488 2154 accepi,
1556 2103 1696 2155 quas
1759 2084 1866 2154 legi
1934 2103 2063 2137 cum
2129 2102 2243 2135 non

616 2170 817 2239 exigua
857 2171 1167 2239 voluptate.

690 2259 928 2313 Utinam
970 2260 1065 2311 det
1105 2258 1208 2311 tibi
1240 2260 1395 2310 Deus
1434 2257 1675 2327 gratiam
1703 2258 1917 2309 bonum
1946 2256 2076 2309 istic
2103 2257 2236 2308 odo-

611 2362 730 2396 rem
784 2352 993 2397 nostrae
1047 2343 1351 2397 Societatis
1403 2343 1724 2412 spargendi,
1785 2343 2014 2412 quando
2078 2349 2241 2397 tanta

617 2440 802 2485 exstat
846 2432 901 2484 in
949 2449 1054 2484 nos
1099 2432 1334 2483 offensio
1379 2431 1542 2482 istius
1593 2430 1804 2499 populi.
1886 2432 1993 2481 Per
2035 2450 2139 2499 ego
2183 2439 2240 2483 te

619 2524 893 2585 quantum
958 2518 1226 2571 inservire
1290 2534 1356 2570 ac
1419 2517 1722 2585 gratificari
1794 2519 1933 2574 Deo,
1992 2518 2242 2570 Domino

621 2604 835 2667 studeS,
890 2622 989 2657 oro
1036 2612 1091 2656 et
1137 2603 1392 2656 obtestor
1444 2622 1614 2672 quam
1667 2621 1900 2671 possum
1953 2602 2243 2657 instantis-

617 2692 775 2755 sime,
830 2694 902 2745 da
959 2710 1189 2760 operam
1253 2693 1537 2744 efficacem
1601 2692 1972 2744 conciliandis
2022 2692 2125 2745 tibi
2178 2709 2244 2744 ac

619 2778 894 2830 Societati
941 2777 1283 2840 hominibUS,
1339 2776 1478 2830 nihil
1524 2777 1677 2845 quod
1728 2785 1955 2831 tuarum
2002 2777 2075 2830 sit
2119 2794 2243 2845 par-

614 2865 757 2918 tium
811 2864 1176 2935 quantumvis
1229 2864 1467 2917 arduum
1516 2863 1572 2916 in
1617 2862 1726 2916 hoc
1778 2863 2241 2940 praetermittens,

615 2951 674 3003 Si
740 2951 910 3003 fueris
972 2951 1200 3003 humilis
1252 2958 1307 3004 et
1362 2952 1628 3019 prudenS,
1697 2969 1904 3020 magna
1968 2969 2058 3004 me
2116 2968 2244 3020 spes

615 3046 772 3090 tenet
826 3047 881 3089 te
933 3038 1256 3106 plurimum,
1315 3039 1439 3089 Deo
1491 3038 1746 3105 juvante,
1809 3037 2052 3091 fructum
2106 3037 2242 3090 rela-

625 3133 838 3177 turum.

39 2226 40 2229 Α
47 2163 49 2171 .
39 2074 50 2143 snas:-
