2639 3798
653 382 839 421 LIBER
875 383 979 422 vn.
1000 398 1073 408 —·
1092 378 1387 424 EPISTOLA
1425 383 1505 424 1V.
1786 387 1891 443 119

264 528 350 577 est
392 520 657 574 dedecori
704 524 1080 591 (quamquam
1125 541 1251 577 eam
1299 521 1553 593 alioquin
1597 522 1891 594 aegerrime

264 609 501 673 ferunt),
532 626 637 661 nec
684 626 820 661 sane
866 610 1054 662 minus
1099 609 1310 663 idcirco
1351 610 1448 679 qui
1492 611 1710 665 nobiles
1756 620 1891 667 sunt

263 714 296 752 a
345 693 509 767 plebe
559 694 848 760 coluntur3
915 713 1099 766 neque
1148 714 1282 750 vero
1335 714 1532 750 eorum
1584 697 1888 768 quisquam

262 782 654 855 pauperrimus
695 783 824 837 licet
853 784 1140 837 connubio
1167 802 1298 838 cum
1337 785 1553 854 plebeis
1592 785 1704 840 ulla
1744 805 1890 841 mer-

264 871 400 924 cede
434 870 736 937 jungatur:
788 888 966 938 usque
1018 872 1162 924 adeo
1214 871 1697 926 existimationem
1750 873 1889 927 divi-

262 957 355 1010 tiis
417 954 744 1024 praeferunt.
849 956 1123 1023 Magnum
1188 956 1294 1010 sibi
1360 957 1604 1012 invicem
1674 959 1890 1013 habent

265 1043 559 1097 honorem.
1619 1112 1621 1114 K

333 1128 524 1181 Armis
573 1128 880 1197 plurimum
932 1130 1187 1182 tribuunt
1235 1129 1416 1198 iisque
1461 1128 1749 1199 praecipue
1795 1131 1889 1184 de·

262 1216 571 1279 lectantur;
628 1222 682 1269 et
729 1214 898 1269 simul
942 1233 1009 1268 ac
1055 1224 1321 1286 quartum
1367 1216 1654 1268 decimum
1703 1217 1892 1270 aetatis

263 1320 474 1356 annum
516 1301 846 1370 attigerunt,
888 1319 1022 1356 ense
1050 1320 1116 1356 ac
1143 1304 1388 1373 pugione
1419 1302 1735 1372 praecincti,
1776 1303 1892 1372 ple·

263 1388 370 1443 beii
431 1406 592 1463 aeque
653 1396 824 1458 atque
876 1388 1184 1458 optimates
1235 1388 1527 1442 incedunt.
1577 1381 1888 1457 'Injuriam

264 1476 492 1539 nullam,
534 1495 639 1528 nec
677 1475 914 1528 verbum
956 1474 1126 1544 paulo
1169 1475 1640 1529 contumeliosius
1682 1474 1890 1529 ferunt.

265 1563 329 1615 In
356 1562 510 1615 victu
552 1580 690 1614 sane
731 1563 837 1614 sibi
877 1570 1222 1631 temperant,
1263 1568 1395 1615 sunt
1434 1570 1631 1615 tamen
1661 1559 1719 1614 in
1748 1567 1889 1631 potu

263 1647 567 1703 liberiores.
648 1650 833 1705 Usum
862 1649 994 1702 vitis
1033 1649 1317 1718 ignorant,
1360 1667 1529 1719 oryza
1569 1647 1893 1716 exprimunt

262 1736 473 1791 vinum.
552 1736 748 1791 Aleam
797 1736 1065 1807 lususque
1108 1736 1345 1790 omnino
1388 1735 1693 1806 refugiunt,
1740 1736 1895 1806 quod

265 1822 400 1876 nihil
465 1822 697 1878 homine
761 1823 1047 1892 indignius
1111 1832 1313 1894 putent
1378 1841 1551 1894 quam
1604 1823 1773 1876 rebus
1825 1823 1895 1876 iis

264 1928 481 1975 vacare,
530 1929 656 1981 quae
698 1911 954 1964 animum
997 1910 1166 1964 alieni
1210 1917 1577 1980 appetentem
1621 1926 1689 1964 ac
1730 1926 1894 1979 rapa-

265 2014 385 2051 cem
439 1999 705 2053 effi-ciant.
785 1998 846 2052 Si
899 1999 1129 2069 quando
1176 1999 1371 2068 jurant
1428 1997 1611 2067 (quod
1665 2014 1896 2066 perraro

263 2084 375 2150 fit),
419 2104 520 2155 per
561 2086 739 2140 solem
777 2087 993 2157 jurant.
1075 2088 1325 2140 Litteras
1367 2092 1576 2139 norunt
1619 2083 1893 2154 plerique,

262 2189 372 2241 quo
417 2174 589 2228 etiam
637 2173 857 2228 facilius
909 2174 1233 2228 christianis
1285 2174 1487 2227 ritibus
1539 2172 1891 2227 imbuuntur.

266 2261 451 2315 Unica
503 2263 707 2332 singuli
765 2271 900 2317 sunt
953 2281 1125 2315 uxore
1182 2260 1466 2323 contenti;
1533 2261 1606 2314 ad
1659 2276 1891 2324 omnem

262 2344 618 2403 honestatem
685 2358 857 2420 atque
922 2352 994 2403 ad
1060 2350 1478 2403 humanitatem
1532 2357 1664 2401 sunt
1726 2347 1892 2402 valde

262 2436 525 2503 propensi
573 2444 797 2501 natura,
846 2438 1216 2507 discendique
1268 2435 1582 2507 percupidi.
1662 2436 1889 2488 Sermo·

264 2536 363 2572 nes
402 2521 497 2591 qui
541 2523 611 2576 de
657 2523 782 2576 Deo
823 2522 1107 2577 habentur
1152 2522 1497 2592 (praesertim
1541 2538 1671 2576 cum
1714 2521 1890 2591 probe

262 2622 385 2673 quae
448 2608 717 2664 dicuntur
775 2610 1126 2679 intelligunt)
1201 2609 1439 2663 audiunt
1491 2606 1887 2661 libentissime.

261 2692 308 2745 A
364 2692 529 2750 furtis
587 2715 723 2752 vero
773 2706 894 2752 tam
955 2716 1218 2751 aversum
1282 2714 1386 2750 nec
1438 2696 1509 2749 de
1560 2693 1889 2749 christianis

260 2794 361 2835 nec
412 2784 482 2838 de
533 2786 789 2840 barbaris
840 2787 1111 2856 populum
1166 2802 1511 2855 quemquam
1558 2782 1749 2837 videre
1796 2799 1888 2836 me

260 2870 509 2926 memini.
586 2875 859 2928 Veterum
925 2866 1322 2944 quorumdam,
1389 2873 1570 2925 instar
1636 2870 1884 2940 philoso-

258 2953 515 3024 phorum,
558 2962 808 3016 maxima
846 2980 978 3031 pars
1025 2962 1325 3031 opiniones
1371 2966 1705 3030 sequuntur.
1785 2958 1888 3010 So-

260 3039 367 3095 lem
421 3049 602 3113 multi,
656 3051 850 3102 lunam
897 3050 990 3102 alii
1036 3050 1298 3103 adorant.
1380 3049 1461 3104 Ut
1508 3046 1759 3117 quidque
1792 3063 1889 3100 na·

259 3132 399 3189 turae
472 3137 719 3193 maxime
792 3145 1247 3194 consentaneum
1312 3142 1417 3199 est,
1482 3133 1563 3193 ita
1625 3131 1892 3192 facillime
