2649 3754
619 317 726 373 114
998 316 1185 357 LIBER
1222 315 1328 356 vn.
1349 329 1422 340 --
1442 313 1736 356 EPISTOLA
1776 313 1854 354 1v.

1100 584 1587 648 EPISTULA
1636 585 1762 647 IV.

819 857 1172 919 Societati
1234 858 1434 936 jesu,
1483 856 2049 919 conimbricam.

689 1044 898 1098 Eadem
930 1043 1063 1114 fere,
1108 1061 1220 1114 quae
1263 1042 1476 1115 epistola
1515 1043 1566 1107 I,
1609 1042 1843 1097 resecatis
1877 1040 2135 1113 plerisque
2179 1040 2250 1095 ad

619 1131 863 1185 virtutem
907 1131 1276 1184 incitamentis.

625 1301 963 1442 JAPONEM
1049 1306 1174 1357 Deo
1252 1304 1540 1375 aspirante
1618 1304 1913 1374 attigimus
1992 1305 2249 1373 Augusto

753 1409 968 1457 mense,
998 1392 1088 1445 die
1116 1391 1511 1461 Assumptioni
1547 1391 1743 1446 Mariae
1777 1390 2027 1460 Virginis
2067 1408 2248 1454 sacr0,

618 1496 749 1534 cum
796 1479 942 1534 festo
988 1479 1113 1548 ipso
1158 1478 1288 1533 Divi
1331 1478 1573 1550 Joannis
1617 1478 1895 1549 Baptistae
1938 1478 2030 1533 die
2072 1478 2249 1532 natali

622 1565 847 1620 Malaca
893 1566 997 1619 sub
1042 1584 1338 1635 vesperam
1387 1566 1770 1619 solvissemuS.

693 1652 1058 1707 Naviculario
1091 1653 1177 1706 usi
1218 1671 1415 1707 sumus
1454 1652 1704 1718 ethnice,
1747 1660 2061 1708 mercatore
2090 1652 2248 1717 Sina,

619 1741 716 1810 qui
768 1759 930 1793 suam
983 1741 1040 1793 in
1088 1741 1145 1793 id
1192 1759 1423 1809 operam
1477 1739 1747 1808 praefecto
1801 1740 2038 1792 Malacae
2090 1740 2248 1792 detu-

617 1826 778 1892 lerat,
833 1845 900 1880 ac
953 1826 1138 1896 primo
1191 1844 1327 1880 sane
1380 1825 1617 1880 feliciter
1669 1825 2088 1896 navigavimus;
2149 1826 2249 1879 sed

619 1931 752 1969 mox
806 1916 899 1979 (ut
945 1921 1078 1968 sunt
1129 1913 1501 1967 barbarorum
1555 1914 1782 1983 ingenia
1833 1915 1905 1967 ad
1956 1913 2247 1967 levitatem

618 2011 790 2072 atque
836 2001 1284 2055 inconstantiam
1330 2006 1564 2072 prona),
1612 2001 1980 2072 profectionis
2026 2008 2249 2057 mutare

616 2090 914 2143 consilium
960 2090 1337 2144 navicularius
1384 2089 1576 2159 coepit,
1621 2096 1678 2143 et
1721 2088 1777 2142 in
1820 2088 2249 2143 occurrentibus

617 2177 831 2247 passim
884 2177 1081 2230 insulis
1139 2184 1364 2245 tempus
1417 2176 1624 2229 frustra
1675 2177 2011 2230 conterere(
2067 2176 2249 2229 Nobis

617 2270 810 2317 autem
840 2262 897 2316 in
931 2281 999 2316 eo
1039 2262 1241 2316 itinere
1281 2281 1411 2315 cum
1451 2262 1560 2314 alia
1602 2262 1798 2325 multa,
1840 2272 1961 2315 tum
2003 2262 2096 2314 illa
2135 2263 2249 2314 duo

616 2349 902 2419 praecipue
944 2349 1347 2402 molestissima
1375 2350 1762 2420 contigerunt:
1804 2348 2065 2413 alterum,
2095 2347 2249 2418 quod

618 2438 812 2489 oblata
857 2437 1129 2490 divinitus
1174 2442 1519 2505 tempestate
1562 2443 1750 2490 nautae
1792 2451 1893 2504 per
1934 2433 2248 2503 nequitiam

618 2523 1014 2585 abuterentur3
1069 2539 1183 2591 qua
1233 2521 1445 2590 elapsa,
1499 2521 1571 2575 ad
1618 2540 1777 2575 oram
1832 2520 2099 2574 Sinarum
2152 2541 2248 2592 ap-

618 2606 843 2678 pellere,
886 2606 1075 2678 ibique
1115 2615 1299 2662 totam
1349 2607 1596 2661 hiemem
1646 2628 1874 2662 cursum
1917 2617 2248 2680 exspectan·

617 2703 706 2750 tes
750 2715 966 2765 ponere
1011 2696 1384 2766 cogebamur:
1444 2696 1704 2761 alterum,
1746 2698 1899 2767 quod
1945 2697 2002 2750 in
2048 2697 2249 2751 eadem

619 2783 748 2836 navi
798 2783 1166 2837 simulacrum
1214 2783 1528 2837 vehebatur
1576 2783 1874 2848 daemoniS,
1930 2783 2020 2838 cui
2059 2790 2250 2838 nautae

619 2889 970 2942 quamquam
1026 2871 1219 2926 invitis
1264 2870 1430 2925 nobis
1472 2878 1528 2925 et
1572 2870 2026 2941 inspectantibus
2064 2870 2252 2940 patrio

618 2958 729 3011 ritu
783 2958 1200 3012 sacrificabant.
1293 2958 1381 3011 Ab
1434 2958 1636 3012 eodem
1690 2958 1863 3012 etiam
1917 2976 2018 3028 per
2067 2967 2251 3012 sortes

616 3044 688 3098 de
761 3044 887 3115 ipsa
962 3044 1327 3116 navigatione
1399 3046 1672 3116 petebant
1750 3064 2045 3117 responsa,
2122 3064 2250 3119 quae
