2639 3798
777 416 964 456 LIBER
1002 413 1131 453 VIII.
1153 427 1227 433 -
1247 410 1541 450 EPISTOLA
1581 411 1644 448 ΙΙ.
1926 409 2028 464 Ι95

387 553 644 608 viderent
687 564 807 601 rem
854 544 1345 614 Amangucianam
1390 544 1512 597 sine
1557 561 1686 614 rege
1729 550 1880 596 stare
1909 560 2023 596 non

386 656 571 708 posse,
627 633 970 704 legationem
1019 632 1090 683 ad
1140 631 1328 700 Bungi
1375 649 1565 699 regem
1615 630 1910 692 miserunt,
1959 636 2021 681 ut

387 725 618 779 fratrem
665 738 829 774 suum
884 736 1221 787 germanum
1278 717 1693 785 Amangucium
1747 716 2019 778 mitteret,

387 828 555 881 quem
596 807 703 876 ipsi
731 824 922 874 regem
964 804 1397 856 constituerent.
1482 806 1604 855 Rex
1644 803 1858 855 scilicet
1901 821 2018 854 mo-

390 916 507 952 rem
554 895 634 948 eis
677 894 938 964 protinus
981 891 1182 961 gessit:
1242 891 1322 944 ita
1365 891 1454 944 ille
1499 909 1736 961 regnum
1780 892 2024 960 adeptus

392 993 477 1039 est
519 981 878 1052 Amangucii.

464 1068 786 1138 Bungensis
838 1084 934 1119 rex
989 1066 1211 1134 magnis
1264 1083 1402 1119 sane
1457 1065 2020 1119 bellicosissimorum
2531 1058 2536 1120 l

391 1157 687 1210 hominum
731 1153 910 1220 copiis
954 1153 1265 1204 instructus
1309 1155 1405 1215 (ut
1448 1160 1534 1204 est
1580 1160 1787 1220 captus
1826 1170 2022 1220 regum
2516 1121 2536 1196 l

390 1241 857 1315 Japonicorum),
917 1239 1230 1291 admodum
1290 1239 1532 1307 imperat
1585 1239 1716 1290 late.
1800 1238 2024 1290 Lusita·
2516 1251 2519 1253 ’

395 1346 594 1381 norum
641 1343 852 1378 nomen
900 1325 1039 1377 mire
1087 1325 1287 1393 diligit.
1385 1327 1587 1393 Itaque
1635 1333 1694 1377 ut
1742 1325 2023 1388 deLusi-

69 1480 72 1484 ¹
393 1416 512 1471 tani
558 1414 703 1484 regis
750 1412 953 1482 opibus
1000 1430 1066 1465 ac
1111 1412 1361 1465 moribus
1406 1412 1690 1482 cognovit,
1739 1412 1903 1482 petiit
1951 1412 2021 1466 ab

69 1505 89 1535 ²
396 1523 461 1557 eo
512 1520 611 1572 per
661 1502 880 1553 litteras
934 1508 994 1553 ut
1048 1519 1107 1552 se
1161 1501 1218 1551 in
1265 1500 1581 1553 amicorum
1637 1518 1868 1553 suorum
1922 1519 2020 1553 nu-

399 1608 610 1644 merum
677 1589 1044 1652 adscriberet,
1135 1588 1299 1657 eique
1340 1588 1343 1592 ’
1379 1588 1676 1642 thoracem
1753 1588 2022 1642 amicitiae

398 1678 650 1733 obsidem
695 1676 867 1730 misit.
947 1676 1035 1729 Ad
1068 1695 1363 1744 proregem
1409 1696 1635 1745 quoque
1682 1676 1861 1729 Indiae
1907 1695 2022 1729 cer-

398 1774 518 1817 tum
560 1764 851 1816 hominem
896 1763 1177 1830 allegavit,
1224 1764 1318 1831 qui
1363 1782 1525 1814 suam
1569 1764 1646 1814 illi
1689 1764 2025 1826 amicitiam,

399 1851 748 1913 societatem,
798 1850 1051 1902 studium
1098 1850 1311 1918 prolixe
1358 1850 1621 1903 deferret.

472 1939 528 1988 Is
579 1937 799 2005 legatus
847 1953 1072 1989 mecum
1120 1937 1390 1989 devectus
1437 1936 1493 1988 in
1546 1936 1791 2000 Indiam,
1848 1936 2025 1991 hono-

397 2023 548 2075 rifice
600 2031 656 2075 et
718 2023 1127 2091 perliberaliter
1181 2041 1213 2074 a
1265 2040 1502 2091 prorege
1570 2030 1851 2076 tractatus
1919 2030 2025 2076 est.
2517 2079 2532 2098 -÷

397 2109 478 2160 Ac
520 2109 706 2177 Bungi
747 2127 859 2171 rex,
902 2117 1037 2160 ante
1080 2127 1270 2161 meum
1299 2127 1366 2161 ex
1401 2109 1648 2179 Japonia
1689 2110 2024 2172 discessum,
2510 2102 2536 2167 ’ζ

401 2195 691 2247 Lusitanis
756 2213 823 2247 ac
884 2194 1022 2246 mihi
1088 2195 1298 2263 recepit
1365 2214 1424 2247 se
1489 2214 1620 2247 cum
1687 2195 2027 2264 Amangucii
2532 2236 2537 2266 f

399 2300 526 2348 rege
569 2281 741 2333 fratre
786 2301 888 2333 suo
933 2290 1211 2343 acturum,
1257 2290 1318 2333 ut
1361 2284 1637 2352 Cosmum
1682 2283 2028 2334 Turrianum
2510 2289 2537 2338 ἰ

399 2375 454 2418 et
497 2369 783 2437 Joannem
849 2368 1276 2420 Ferdinandum
1326 2369 1796 2437 amplecteretur3
1858 2370 2029 2439 idque
2516 2353 2550 2437 l

398 2454 517 2522 ipse
566 2456 1033 2524 Amangucianus
1080 2473 1176 2507 rex
1222 2456 1553 2524 designatus
1608 2457 1772 2509 nobis
1819 2457 2028 2525 promi·

399 2540 488 2603 sit,
551 2541 719 2594 simul
783 2550 955 2611 atque
1008 2543 1064 2594 in
1117 2543 1274 2611 regni
1337 2542 1760 2611 possessionem
1821 2545 2028 2613 pedem

398 2628 698 2695 posuisset,
746 2648 806 2681 se
853 2648 977 2682 esse
1021 2629 1322 2682 facturum.
2541 2692 2544 2703 ἱ

472 2715 540 2765 In
590 2716 840 2784 Japonia
907 2716 1179 2784 quamdiu
1246 2715 1456 2767 fuimus
1526 2715 1772 2778 (fuimus
1837 2725 2030 2768 autem
2512 2704 2549 2799 f}

399 2819 581 2853 annos
634 2804 778 2854 duos
831 2811 887 2855 et
942 2803 1363 2866 dimidiatum),
1429 2802 1796 2854 facultatibus
1850 2804 2031 2855 muni·
2519 2797 2551 2874 9}

398 2888 754 2941 ficentissimi
798 2889 1113 2942 Lusitaniae
1164 2889 1310 2956 regis
1352 2888 1659 2942 sustentati
1700 2905 1923 2943 sumus:
1987 2889 2034 2944 is

399 2972 456 3025 in
496 2975 837 3044 Japonicam
884 2974 1297 3043 profectionem
1342 2991 1545 3027 aureos
1592 2973 1837 3043 amplius
1880 2974 2033 3028 mille

399 3059 675 3127 assignari
741 3060 906 3113 nobis
972 3060 1348 3128 eleemosynae
1415 3059 1647 3112 nomine
1708 3060 2029 3128 imperavit.

403 3145 741 3201 Incredibile
819 3158 905 3202 est
989 3158 1268 3218 quantum
1356 3149 1521 3200 nobis
1608 3168 1705 3200 rex
1781 3149 2034 3217 optimus
