2639 3798
653 405 837 444 LIBER
875 404 1002 444 VIII.
1025 416 1096 429 ·-
1117 405 1407 446 EPISTOLA
1442 405 1607 445 XVIII.
1840 405 1942 461 277

319 540 439 595 visa
481 537 808 592 renuntient
850 536 1083 591 civibuS.
1162 537 1349 607 Quare
1388 536 1469 590 sic
1508 554 1606 591 eos
1642 535 1747 591 tibi
1786 553 1940 591 com-

321 626 546 689 mend0‚
594 632 655 678 ut
701 623 914 692 majore
960 622 1148 677 studio
1197 622 1483 677 neminem
1535 623 1938 696 commendare

318 712 551 783 possim.
631 713 721 764 Da
784 728 1015 780 operam
1068 718 1128 764 ut
1180 710 1294 764 laeti
1345 728 1413 763 ac
1462 709 1579 763 voti
1644 717 1941 779 compotes

319 804 698 861 revertantur;
739 814 874 851 nam
914 796 1137 851 illorum
1164 796 1491 851 testificatio
1531 813 1799 866 magnam
1840 814 1937 850 no-

317 887 405 941 bis
455 904 522 939 ac
569 885 786 938 nomini
837 885 1148 938 christiano
1200 884 1569 939 conciliatura
1613 892 1699 938 est
1745 891 1939 938 aucto-

321 974 566 1029 ritatem.

388 1062 643 1133 Japones
698 1058 906 1131 quippe
959 1066 1193 1113 caeteras
1245 1058 1506 1113 nationes
1562 1065 1938 1113 contemnunt

317 1163 433 1217 prae
465 1164 542 1210 se;
572 1154 742 1216 atque
782 1146 904 1200 haec
931 1145 1035 1199 fuit
1075 1163 1247 1199 causa
1274 1163 1371 1199 cur
1411 1146 1563 1199 nulla
1601 1163 1732 1199 cum
1772 1154 1941 1214 gente

315 1232 658 1287 commercio
705 1232 1094 1301 jungerentur,
1149 1232 1337 1301 quoad
1384 1249 1451 1284 eo
1501 1231 1761 1284 Lusitani
1809 1238 1939 1285 octo

315 1324 411 1371 aut
464 1334 669 1370 novem
715 1317 924 1369 abhinc
968 1318 1133 1369 annis
1175 1317 1533 1386 appulerunt.
1613 1317 1738 1368 Has
1788 1316 1944 1369 insu-

313 1402 396 1456 las
450 1402 696 1471 Hispani
746 1403 1102 1472 Argentarius
1152 1410 1378 1457 vocant.
1456 1403 1538 1457 Ac
1586 1402 1724 1456 mihi
1779 1402 1940 1457 Lusi·

315 1489 438 1543 tani
491 1489 726 1558 quidam
777 1489 835 1541 in
885 1489 1130 1561 Japonia
1181 1489 1588 1542 confirmarunt
1651 1488 1942 1558 Hispanos

315 1593 381 1629 ex
437 1575 914 1645 Nova-Hispania
962 1576 1250 1630 Molucum
1301 1583 1561 1645 petentes
1606 1576 1940 1645 praetervehi

313 1664 509 1740 solitos
551 1666 883 1736 Japoniam3
942 1666 987 1718 si
1030 1683 1142 1735 qua
1188 1673 1379 1718 autem
1426 1683 1621 1718 eorum
1665 1664 1824 1718 navis
1864 1684 1935 1718 eo

313 1751 593 1821 appellere
631 1759 885 1817 conetur,
915 1752 973 1805 in
1001 1752 1201 1807 itinere
1234 1752 1489 1814 interire3
1532 1752 1653 1822 ejus
1681 1753 1760 1806 rei
1786 1753 1934 1806 hanc

312 1857 344 1891 a
393 1839 711 1909 Japonibus
773 1839 956 1893 afferri
1020 1857 1270 1904 causam,
1336 1840 1488 1909 quod
1539 1839 1596 1892 in
1646 1839 1931 1911 Japonico

316 1925 456 1977 mari
502 1926 574 1978 ab
620 1944 686 1978 ea
730 1934 909 1998 parte,
953 1944 1065 1995 qua
1107 1945 1174 1979 ex
1219 1925 1699 1994 Nova-Hispania
1746 1925 1804 1978 in
1860 1927 1952 1996 Ja-

313 2011 542 2078 poniam
585 2012 898 2079 navigatur,
929 2011 1223 2080 permultae
1264 2019 1445 2080 syrtes
1484 2019 1811 2074 occurrant,
1855 2010 1952 2064 ubi

316 2113 488 2153 naves
534 2094 878 2150 inhaerentes
923 2097 1250 2166 depereant.

390 2183 520 2235 Hoc
565 2202 633 2235 eo
680 2183 866 2236 scribo
913 2191 974 2236 ut
1020 2184 1168 2252 regis
1215 2201 1281 2236 ac
1326 2183 1532 2251 reginae
1579 2183 1786 2248 litteris¹
1836 2186 1944 2239 Ca·
1998 2250 2000 2253 Α

311 2268 491 2322 rolum
532 2271 840 2333 Caesarem,
875 2278 931 2323 et
974 2270 1273 2338 Hispaniae
1314 2288 1502 2337 regem
1543 2270 1938 2324 admonendos

313 2373 491 2419 cure5‚
536 2374 607 2410 ne
652 2375 719 2410 ex
775 2356 1250 2426 Nova-Hispania
1293 2355 1502 2410 classes
1543 2356 1616 2410 ad
1659 2373 1942 2427 occupan-

311 2442 412 2498 das
439 2443 803 2513 Argentarias
841 2443 1053 2499 insulas
1093 2443 1302 2509 mittat,
1333 2460 1534 2498 omnes
1566 2443 1718 2499 enim
1761 2461 1937 2500 naves

314 2531 402 2593 (ut
431 2547 583 2585 nunc
610 2530 841 2600 quidem
870 2532 989 2595 est)
1020 2530 1092 2584 ad
1121 2547 1293 2585 unam
1320 2529 1619 2600 perituras,
1700 2530 1937 2585 Etenim

312 2623 370 2670 ut
431 2616 743 2671 incolumes
806 2617 878 2669 ad
943 2616 1156 2671 insulas
1220 2615 1569 2686 perveniant,
1637 2616 1684 2670 si
1731 2631 1937 2672 'earum

309 2702 475 2769 potiri
528 2711 806 2757 conentur
850 2703 1040 2767 armiS,
1089 2703 1379 2772 negotium
1428 2701 1546 2756 fore
1589 2721 1718 2757 cum
1764 2712 1935 2774 gente

311 2804 424 2841 non
470 2788 657 2842 minus
703 2788 908 2857 cupida
953 2807 1124 2857 quam
1170 2788 1452 2851 bellicosa,
1500 2806 1627 2857 quae
1674 2790 1936 2858 quamvis

313 2890 580 2944 magnam
643 2875 894 2929 hostium
959 2876 1199 2929 classem
1250 2894 1350 2944 per
1400 2875 1514 2927 vim
1569 2867 1805 2944 captura
1856 2875 1935 2929 vi-

312 2958 529 3015 deatur.
610 2963 741 3016 Huc
792 2959 1078 3027 accedere,
1133 2964 1284 3032 quod
1335 2970 1485 3018 terra
1531 2963 1675 3017 adeo
1729 2963 1935 3018 sterilis

313 3054 398 3102 est
441 3066 510 3103 ac
552 3055 733 3113 vasta,
781 3056 842 3102 ut
887 3047 1196 3118 peregrinae
1247 3047 1427 3118 copiae
1472 3047 1622 3102 fame
1667 3048 1934 3103 debellari

315 3134 467 3190 nullo
514 3136 744 3206 negotio
777 3137 1018 3208 possint.
1096 3138 1312 3192 Tantas
1356 3154 1525 3209 porro
1571 3136 1784 3193 circum
1831 3136 1934 3192 has
