2639 3798
680 395 865 435 LIBER
904 397 1032 435 VHI.
1054 411 1126 418 -·
1146 397 1442 435 EPISTOLA
1481 398 1519 434 1.

1816 398 1919 451 173

280 532 423 602 gerit
478 534 648 586 Pater
700 535 947 587 Cosmus
1008 534 1322 587 Turrianus
1383 542 1516 603 apte
1579 552 1646 588 ac
1707 535 1918 588 diserte

281 620 339 674 in
387 639 513 674 eam
560 621 848 685 transfert,
898 621 1234 675 utilissimus
1277 630 1363 675 est
1408 621 1538 675 illic.
1619 623 1787 675 Nunc
1834 630 1917 676 to-

280 716 372 762 tus
434 717 520 762 est
582 710 639 761 in
701 710 1050 778 explicandis
1118 710 1454 779 quotidiana
1515 710 1588 762 ad
1642 710 1916 779 populum
2480 764 2485 781 ί

281 787 531 850 dictione
577 797 844 850 omnibus
891 797 1175 867 mysteriis
1220 797 1353 849 vitae
1402 797 1639 849 Christi.
2479 786 2484 853 ξ

356 884 641 954 Quoniam
689 903 815 939 eam
861 885 1122 954 perspexi
1168 885 1226 938 in
1271 884 1592 957 Japonibus
1646 884 1913 949 indolem,
2479 870 2483 890 ἓ

281 981 342 1025 ut
383 981 438 1025 et
479 974 809 1041 religionem
850 973 1219 1026 christianam
1261 973 1401 1026 satis
1441 973 1578 1042 ipsis
1619 981 1913 1026 ostensam
2477 954 2482 981 ²

281 1059 443 1113 facile
489 1061 799 1130 probaturi,
844 1068 899 1113 et
944 1061 1117 1113 semel
1164 1069 1490 1130 susceptam
1537 1061 1735 1114 tuituri
1782 1081 1916 1115 con·
2440 1050 2480 1140 -ξ

281 1155 517 1211 stanter,
559 1155 730 1216 atque
771 1148 828 1199 in
862 1155 1122 1215 posteros
1162 1148 1552 1216 perpetuaturi
1592 1148 1911 1210 videantur,
2475 1148 2478 1158 ¹

281 1235 338 1287 in
391 1252 587 1287 eorum
651 1234 871 1286 cultura
933 1235 1267 1303 quantosvis
1328 1235 1551 1286 labores
1603 1236 1749 1286 bene
1802 1235 1913 1288 col-

281 1321 499 1375 locatos
547 1329 706 1389 puto,
786 1323 915 1390 Quo
954 1321 1011 1373 in
1053 1338 1221 1373 sensu
1262 1322 1442 1374 reficit
1483 1339 1550 1374 ac
1590 1322 1919 1387 consolatur

284 1429 375 1462 me
415 1427 562 1478 speS,
603 1427 775 1478 quam
816 1407 874 1460 in
914 1415 1013 1461 tua
1045 1415 1244 1461 sancta
1284 1407 1566 1461 charitate
1606 1408 1917 1477 repositam

282 1496 484 1560 habeo,
539 1496 824 1549 confidere
872 1514 962 1547 me
1008 1496 1216 1563 jubens
1262 1496 1576 1547 mittendos
1622 1494 1733 1547 huc
1782 1514 1815 1547 a
1861 1503 1918 1548 te

284 1589 514 1636 sanctos
565 1581 785 1652 aliquos
840 1583 1055 1644 PatreS‚
1105 1599 1247 1650 quos
1300 1589 1454 1634 recte
1504 1581 1914 1652 Japonicarum

283 1669 752 1738 superstitionum
798 1668 1085 1738 magistris
1128 1668 1414 1738 possimus
1457 1687 1766 1738 opponere.
1850 1670 1917 1723 Id

284 1753 528 1807 faciendi
574 1754 864 1822 praecipua
908 1753 1011 1806 tibi
1057 1771 1230 1805 causa
1273 1753 1346 1805 sit
1389 1753 1724 1807 excellentia
1769 1772 1920 1822 quae-
2465 1810 2467 1812 ,

284 1841 417 1892 dam
483 1840 734 1892 nationis
795 1840 1111 1910 Japonicae,
1179 1839 1319 1891 mihi
1382 1848 1685 1908 perspecta
1749 1859 1921 1909 supra
2462 1842 2467 1904 ζ
2528 1861 2551 1895 -5

285 1934 521 1980 caeteras
560 1925 840 1979 hactenus
879 1925 937 1978 in
977 1924 1134 1978 hisce
1173 1925 1453 1978 tractibus
1493 1926 1769 1979 detectas,
1851 1928 1920 1979 In
2463 1914 2465 1916 .

285 2030 525 2080 quarum
572 2011 741 2074 nulla,
790 2030 916 2079 quae
963 2011 1194 2080 quidem
1242 2011 1359 2063 suis
1404 2011 1623 2080 legibus
1667 2012 1821 2065 vivat
1865 2020 1922 2066 et

284 2098 399 2168 regi
445 2097 759 2152 Lusitaniae
799 2115 915 2150 non
956 2097 1028 2150 sit
1072 2097 1318 2160 subdita,
1357 2097 1497 2150 satis
1537 2097 1921 2150 verisimiliter

283 2186 507 2239 videtur
559 2186 772 2255 sperari
818 2203 986 2253 posse
1033 2185 1247 2238 Christi
1300 2185 1633 2253 religionem
1679 2187 1916 2254 perenni

284 2272 554 2324 firmitate
599 2272 989 2323 radicandam.
1071 2273 1205 2325 Una
1250 2290 1318 2323 ex
1362 2272 1629 2325 omnibus
1675 2280 1731 2326 et
1778 2272 1919 2336 sola,

286 2366 565 2429 quantum
618 2358 796 2429 sapio,
858 2358 1107 2431 Japonia
1165 2357 1454 2411 videretur
1514 2357 1919 2413 inconcussam

286 2455 672 2517 aeternamque
714 2454 1007 2500 servatura
1053 2446 1380 2499 christianae
1427 2447 1752 2500 sanctitatis
1794 2466 1922 2517 pro-

285 2531 609 2597 fessionem,
655 2534 702 2586 si
745 2551 871 2585 eam
920 2534 1094 2585 semel
1140 2534 1482 2601 arripuerit:·
1525 2535 1679 2601 quod
1723 2535 1920 2603 utique

286 2636 400 2672 non
475 2622 596 2674 sine
660 2620 985 2689 ingentibus
1059 2618 1514 2687 evangelicorum
1589 2638 1921 2688 praeconum

287 2706 555 2760 aerumnis
600 2725 668 2761 ac
714 2705 1178 2760 contentionibus
1223 2712 1559 2758 eventurum
1607 2714 1713 2759 est.
1897 2696 1899 2698 ’

359 2794 515 2858 Sina,
563 2814 689 2863 quae
736 2792 892 2861 regio
937 2800 1023 2846 est
1066 2798 1275 2860 patens
1326 2791 1621 2857 latissime,
1675 2793 1920 2863 pacatis-

285 2880 447 2945 sima,
514 2889 835 2951 temperata
909 2899 1120 2948 magno
1195 2897 1435 2931 numero
1509 2879 1920 2948 exquisitarum

284 2965 490 3037 legum,
540 2969 636 3022 uni
688 2975 850 3039 paret
897 2966 1223 3020 monarchae
1270 2966 1362 3018 cui
1408 2967 1480 3018 ad
1534 2975 1738 3021 nutum
1791 2969 1921 3021 obe-

286 3054 454 3109 ditur.
536 3056 1052 3127 Opulentissimum
1114 3063 1200 3108 est
1253 3073 1508 3125 regnum,
1573 3057 1795 3109 cunctis
1849 3057 1923 3110 ad

285 3142 460 3198 vitam
517 3144 831 3200 humanam
912 3143 1247 3198 necessariis
1330 3143 1649 3198 abundans.
1748 3146 1923 3200 Freto
