2649 3754
630 319 733 389 138
1026 336 1210 373 LIBER
1249 337 1761 377 V11.—EP1sroLA
1801 336 1855 375 v.

613 474 823 526 viatico
870 491 1212 542 annonaque
1259 475 1446 526 omnis
1493 476 1732 544 generiS,
1781 492 1907 527 cum
1960 477 2087 529 Goa
2132 483 2254 530 tum

618 560 841 613 Malaca
892 560 1015 613 vela
1068 559 1238 613 faciat
1287 568 1545 630 tempore
1592 562 1742 630 quod
1790 561 2053 615 indicavi.
2128 563 2249 617 Nec

615 647 710 715 qui
765 665 892 699 eam
947 653 1141 714 regent
1195 646 1306 698 ulla
1353 665 1412 699 se
1459 647 1678 699 ratione
1724 646 1916 699 induci
1963 647 2256 715 patiantur

617 734 686 785 ad
732 733 1150 786 deflectendum
1195 733 1381 785 obiter
1422 734 1494 786 ad
1536 741 1734 802 portus
1778 732 1919 786 ullos
1966 732 2251 800 Sinarum‚

614 839 975 890 quocumque
1015 828 1294 889 praetextu
1336 821 1742 889 negotiationis
1783 829 2125 890 quaestuosae
2153 830 2250 875 aut

613 916 1040 971 commeatuum
1089 908 1219 959 inde
1259 909 1665 975 parandorum,
1708 925 1853 976 quos
1893 908 2120 960 aliunde
2161 926 2252 961 co-

611 993 771 1060 piose
823 993 1136 1060 providisse
1190 993 1468 1059 oportuit;
1527 1011 1593 1045 ac
1642 1011 1712 1045 ne
1758 994 1815 1044 in
1862 993 2076 1045 insulas
2129 994 2248 1062 qui-

611 1078 742 1131 dem
790 1078 986 1132 obvias
1032 1079 1309 1131 excedant
1364 1086 1699 1132 mercaturae
1745 1078 1945 1146 gratia,
1995 1078 2104 1132 nisi
2153 1100 2248 1132 ne-

612 1164 878 1219 cessitate
924 1173 1161 1234 urgente
1206 1165 1531 1235 aquationis
1578 1165 1787 1219 cursim
1831 1185 1897 1219 ac
1943 1166 2087 1220 citra
2130 1185 2247 1220 mo-

612 1271 732 1304 ram
788 1252 1145 1305 festinandae.
1227 1253 1320 1305 Sic
1374 1253 1525 1305 enirn
1580 1253 1847 1317 habeant,
1896 1262 1951 1307 et
1999 1255 2245 1323 expertis

610 1340 866 1404 credant,
907 1349 1064 1393 recto
1112 1359 1216 1392 nec
1252 1340 1612 1409 interpellato
1641 1341 1887 1393 statione
1916 1341 2028 1393 ulla
2056 1359 2241 1407 cursu,

610 1427 861 1496 navigari
909 1428 1114 1481 debere
1163 1428 1386 1480 Malaca
1433 1428 1490 1479 in
1535 1430 1818 1499 Japonem
1862 1446 1895 1481 a
1936 1428 2242 1498 periclitari

609 1515 943 1583 gravissime
987 1515 1245 1569 nolente:
1289 1515 1383 1584 qui
1419 1533 1583 1568 secus
1627 1514 1783 1579 faxit,
1831 1514 2013 1568 aleam
2050 1514 2246 1584 jaciat,

607 1608 989 1671 praeterquam
1032 1601 1490 1655 damnosissimae
1542 1595 2074 1671 taediosissimaeque
2128 1621 2246 1656 mo-

608 1708 704 1753 rae,
740 1690 1072 1757 capitalium
1103 1690 1276 1743 etiam
1306 1689 1721 1742 discriminum.

684 1777 987 1846 Temporis
1027 1777 1257 1847 quidem
1300 1784 1516 1847 quanta
1561 1777 1787 1851 jactura
1833 1777 1951 1841 fiat,
2001 1795 2068 1830 ex
2111 1777 2247 1836 utri-

607 1881 787 1934 usque
834 1864 939 1918 viae
983 1872 1317 1934 comparato
1383 1881 1647 1935 successu
1698 1863 2060 1933 cognoscite:
2113 1882 2247 1935 qua-

605 1959 736 2004 tuor
794 1952 1077 2004 mensium
1143 1971 1273 2005 cum
1340 1952 1596 2015 dimidio,
1659 1952 1716 2003 in
1777 1970 2007 2004 summa
2075 1953 2246 2005 tardi-

606 2046 743 2102 tate,
811 2058 1009 2092 cursus
1071 2047 1156 2092 est
1219 2048 1407 2092 rectus
1471 2041 1598 2092 Goa
1672 2039 1730 2091 in
1798 2041 2117 2110 Japonem;
2198 2041 2244 2093 si

608 2126 947 2179 deflectatur
1018 2128 1089 2179 ad
1164 2127 1349 2189 Sinas,
1403 2127 1496 2179 vix
1555 2127 1847 2179 mensibus
1919 2129 2241 2195 septemde-

604 2214 736 2278 cim,
796 2222 1102 2285 postquam
1150 2214 1372 2267 Malaca
1431 2214 1677 2279 solverit,
1738 2213 1899 2267 navis
1956 2215 2239 2285 Japonem

610 2303 849 2355 tenebit.

676 2391 756 2443 Ac
809 2390 942 2459 quia
994 2390 1111 2443 scio
1165 2397 1445 2458 quantum
1493 2388 1731 2442 avaritia
1778 2388 1883 2441 sub
1930 2388 2051 2457 spei
2096 2406 2237 2458 prae-

602 2477 780 2529 sentis
833 2476 1001 2530 illicio
1056 2477 1208 2545 apud
1261 2476 1589 2529 institorum
1637 2475 1861 2528 animos
1906 2475 2112 2540 valeat,
2166 2477 2239 2531 ad

603 2566 793 2618 subita
846 2565 1081 2617 consilia
1143 2564 1356 2617 securis
1422 2563 1834 2632 promissorum
1897 2563 2239 2633 objicienda,

606 2673 635 2708 e
666 2673 724 2707 re
753 2662 1013 2724 putarem
1058 2660 1178 2706 arte
1223 2653 1470 2722 quadam
1517 2651 1772 2705 subtrahi
1817 2651 2116 2705 materiam
2147 2670 2240 2706 ne-

602 2742 903 2811 gotiationi
969 2741 1190 2803 sinicae3
1252 2740 1547 2809 curarique
1592 2759 1624 2792 a
1666 2739 1828 2792 vobis
1871 2758 1942 2792 ne
1987 2739 2114 2808 plus
2159 2739 2240 2808 pi-

600 2829 750 2898 peris
804 2828 1077 2881 onerariae
1125 2829 1471 2896 imponatur,
1520 2847 1692 2896 quam
1755 2835 2034 2896 quantum
2075 2827 2238 2897 japo-

602 2917 732 2969 nico
785 2917 1202 2969 absumendum
1267 2916 1612 2969 commercio
1666 2915 1805 2968 satis
1857 2914 1951 2969 isti
2004 2921 2235 2968 norunt.

598 3004 826 3073 Alioqui
880 3004 925 3057 si
980 3003 1194 3057 conscii
1249 3003 1354 3056 sibi
1417 3003 1530 3056 sint
1593 3009 1771 3056 tantae
1835 3001 2039 3056 mercis
2092 3001 2241 3055 illius

599 3090 799 3163 copiae,
840 3097 918 3153 ut,
962 3089 1262 3160 profligata
1306 3089 1642 3145 Sinensibus
1670 3096 1832 3158 parte
1860 3088 2239 3157 redundante,
