2639 3798
664 349 849 390 LIBER
887 350 1015 389 vm.
1036 364 1109 372 -
1129 346 1424 388 EPISTOLA
1462 346 1602 384 XVII.
1824 344 1928 398 273

295 499 531 565 apparet
579 500 797 563 quanta
845 492 1078 546 tan-dem
1117 490 1326 563 virtute
1382 509 1449 543 ac
1502 489 1702 543 robore
1741 486 1920 541 animi

292 586 485 650 septos
526 596 650 634 esse
700 587 960 649 oporteat
1013 596 1129 645 eOS,
1184 579 1388 649 quibus
1427 577 1708 650 Japonica
1758 593 1916 647 gym-

294 666 453 723 nasia
495 666 872 722 destinentur.

364 752 588 808 Deinde
629 755 701 807 ab
747 754 974 825 ingenio
1020 753 1392 823 doctrinaque
1439 752 1749 806 instructos
1794 767 1918 804 esse

291 841 575 906 convenit,
605 850 666 896 ut
702 844 990 913 Japonum
1034 840 1575 911 interrogationibus
1618 838 1779 892 facile
1821 856 1917 908 ap-

290 927 585 999 positeque
636 929 1036 998 respondeant.
1135 928 1447 983 Plurimum
1499 934 1692 982 autem
1746 926 1915 981 refert

290 1003 387 1070 eos
425 1033 549 1069 esse
587 1015 983 1087 philosophiae,
1013 1015 1259 1068 maxime
1296 1034 1431 1068 vero
1471 1014 1784 1069 dialecticae
1818 1032 1914 1083 pe-

289 1102 445 1166 ritOS,
490 1110 551 1157 ut
591 1103 811 1173 possint
852 1106 1142 1175 Japonum
1188 1104 1562 1173 pertinaciam
1611 1119 1915 1172 coarguere

290 1207 356 1243 ac
396 1189 709 1243 revincere:
752 1190 1019 1243 nimirum
1063 1198 1124 1243 ut
1159 1190 1467 1243 ostendant
1510 1206 1607 1242 eos
1649 1188 1755 1241 sibi
1799 1206 1915 1241 non

290 1282 568 1340 constare,
634 1278 735 1331 sed
797 1278 983 1332 dicere
1045 1277 1212 1346 plane
1281 1276 1584 1331 contraria.
1664 1276 1916 1328 Eosdem

290 1381 403 1414 non
442 1361 672 1432 ignaros
711 1381 834 1415 esse
872 1361 1041 1415 velim
1081 1361 1429 1431 astrologiae;
1469 1363 1724 1432 Japones
1760 1361 1914 1432 enim

291 1449 493 1503 mirum
540 1450 598 1503 in
645 1452 880 1503 modum
926 1468 1271 1520 cognoscere
1317 1459 1486 1502 avent
1533 1451 1603 1501 de
1648 1449 1796 1501 lunae
1849 1468 1916 1500 ac

289 1534 421 1589 solis
461 1534 890 1600 defectionibuS,
929 1552 1027 1590 cur
1068 1536 1201 1591 luna
1242 1537 1414 1591 toties
1457 1545 1676 1590 crescat
1718 1537 1915 1589 toties-

289 1640 396 1691 que
438 1620 766 1675 decrescat?
807 1620 945 1675 item
974 1620 1094 1675 illa:
1135 1621 1285 1675 unde
1329 1621 1557 1685 imbreS,
1600 1621 1712 1685 nix,
1753 1638 1919 1690 gran-

289 1709 362 1762 do
406 1711 750 1764 nascantur?
807 1711 902 1779 qui
948 1718 1207 1774 cometae,
1254 1711 1525 1775 tonitrua,
1573 1709 1811 1779 fulgura,
1859 1716 1916 1759 et

289 1791 397 1845 alia
463 1793 744 1862 ejusmodi
795 1794 1096 1848 existant?
1166 1794 1506 1848 Incredibile
1568 1801 1655 1847 est
1716 1793 1915 1847 talium

289 1897 474 1935 rerum
520 1881 820 1951 explicatio
866 1889 1145 1952 quantum
1186 1882 1372 1935 valeat
1415 1882 1488 1934 ad
1532 1879 1919 1934 conciliandas

290 1967 577 2037 Japonum
613 1967 956 2021 voluntateS.

360 2054 504 2109 Haec
556 2054 627 2108 de
676 2054 971 2126 Japonicis
1028 2055 1195 2108 rebus
1247 2072 1313 2108 ac
1367 2053 1620 2107 moribus
1672 2053 1817 2108 scire
1861 2061 1919 2108 te

288 2139 453 2205 volui,
500 2140 771 2210 quoniam
817 2142 890 2195 ad
934 2140 1218 2196 delectum
1261 2159 1476 2206 eorum,
1507 2141 1602 2211 qui
1650 2141 1918 2195 mittendi

289 2234 438 2292 sunt,
485 2235 656 2297 caput
709 2236 794 2283 est
840 2246 1007 2283 nosse
1060 2246 1248 2282 mores
1293 2229 1415 2298 ejus
1466 2227 1574 2282 loci
1621 2246 1735 2298 quo
1788 2227 1917 2282 mit—

291 2320 505 2369 tantur.
1781 2384 1785 2388 1

360 2403 776 2473 Saepenumero
808 2403 946 2458 mihi
978 2403 1035 2458 in
1069 2411 1320 2459 mentem
1362 2403 1518 2457 venit
1561 2404 1633 2457 ad
1677 2404 1917 2476 Japoni-

289 2504 414 2545 cum
456 2492 747 2563 negotium
793 2491 999 2562 Belgas
1041 2500 1138 2545 aut
1180 2493 1502 2546 Germanos
1547 2492 1745 2545 Patres
1786 2509 1910 2560 per-

288 2579 578 2648 appositos
649 2580 922 2650 judicare,
998 2580 1207 2650 quippe
1285 2580 1523 2650 frigoriS,
1590 2579 1914 2651 laborisque

287 2664 595 2730 patientes;
651 2685 782 2719 cum
827 2666 1144 2734 praesertim
1187 2666 1245 2718 in
1291 2666 1457 2719 Italia
1503 2673 1558 2719 et
1609 2666 1911 2734 Hispania,

286 2753 436 2820 quod
498 2753 860 2807 vernaculam·
923 2752 1175 2823 linguam
1240 2752 1518 2823 ignorent,
1578 2752 1795 2807 nullum
1854 2752 1911 2805 in

289 2838 683 2893 concionando
724 2857 890 2893 usum
933 2839 1200 2893 habeant.
1281 2840 1408 2893 Etsi
1451 2840 1622 2904 enim,
1653 2848 1714 2894 ut
1748 2841 1915 2910 agere

287 2925 505 2992 possint
557 2946 686 2980 cum
736 2926 918 2980 Sociis
964 2926 1059 2996 qui
1105 2926 1162 2979 in
1207 2926 1453 2997 Japonia
1499 2934 1650 2991 sunt,
1702 2927 1910 2997 Hispa-

289 3011 397 3065 nici
443 3021 541 3067 aut
590 3014 905 3068 Lusitanici
952 3015 1229 3068 sermonis
1275 3015 1443 3067 rudes
1488 3033 1611 3067 esse
1658 3033 1775 3068 non
1822 3017 1915 3068 de-

289 3094 441 3162 bent,
471 3107 667 3153 tamen
709 3100 988 3169 ejusmodi
1028 3100 1277 3168 linguam
1322 3101 1520 3155 Indico
1555 3109 1611 3156 et
1638 3102 1918 3172 Japonico

1512 3335 1579 3393 18
