2639 3798
550 383 732 454 LI‘BER
769 384 895 421 VIII.
919 399 992 406 ·—·
1013 383 1304 421 EPISTOLA
1341 383 1469 420 VIII.
1720 384 1823 437 229

196 516 346 584 quod
401 515 651 583 profiteri
704 523 760 568 te
813 517 1096 580 convenit,
1164 517 1493 586 efficereque
1547 525 1607 570 ut
1661 515 1821 569 intel-

196 601 371 671 ligant
426 587 724 671 pauperes⁹
769 603 825 656 id
878 605 1029 674 quod
1083 623 1115 656 a
1160 612 1217 656 te
1269 603 1551 673 accipient
1598 623 1628 657 e
1673 621 1822 672 penu

194 697 293 742 tua
347 707 459 741 non
526 690 800 758 depromi,
878 692 975 743 sed
1050 692 1379 744 Sodalitatis
1441 691 1821 743 Misericordiae

198 776 535 830 liberalitate
578 777 796 830 donari.

267 866 349 915 Ac
395 881 524 916 cum
571 864 677 917 ista
724 866 1022 918 occasione
1068 867 1265 934 inopes
1312 867 1384 919 ad
1427 874 1483 919 te
1525 876 1819 919 accurren-

196 958 283 1004 tes
327 959 611 1019 exponent
665 952 958 1020 penuriam
1005 971 1116 1022 qua
1161 953 1421 1004 laborant
1469 970 1654 1004 rerum
1699 970 1821 1026 'cor-

197 1036 318 1104 pori
371 1037 835 1101 necessariarum‚
889 1046 950 1093 tu
1003 1039 1251 1093 vicissim
1310 1040 1434 1093 illos
1485 1039 1823 1092 admonebis

197 1125 265 1176 de
319 1124 528 1192 inopia,
584 1143 754 1192 quam
809 1124 995 1177 minus
1048 1125 1299 1178 sentiunt
1353 1125 1554 1193 cuique
1616 1142 1817 1177 consu·

193 1211 305 1264 ler‘e
369 1228 568 1279 parum
634 1220 854 1273 curant,
921 1220 1370 1279 opportunorum
1436 1212 1508 1263 ad
1574 1210 1816 1264 salutem

193 1296 399 1348 animae
443 1297 842 1360 subsidiorum,
898 1315 1137 1365 quorum
1198 1306 1394 1349 tamen
1455 1296 1681 1364 copiam
1759 1295 1817 1348 in

193 1388 462 1450 promptu
504 1381 751 1436 habeant
794 1383 839 1435 si
883 1384 963 1435 uti
1006 1383 1198 1436 velint.
1277 1385 1464 1453 Quare
1508 1400 1580 1434 ne
1622 1382 1680 1434 id
1724 1400 1816 1433 ne-

192 1466 406 1535 gligant
459 1467 793 1531 hortaberiS,
848 1487 1190 1537 magnopere
1242 1470 1489 1522 suadens
1543 1477 1604 1522 ut
1663 1486 1817 1522 men-

193 1563 309 1607 tem
376 1555 446 1606 ad
505 1556 690 1607 Deum
757 1563 999 1618 vertant,
1067 1555 1253 1623 ipsum
1321 1563 1502 1617 orent,
1556 1555 1816 1618 adorent,

194 1642 476 1711 mysteriis
522 1642 626 1695 rite
676 1643 1015 1711 usurpandis
1068 1642 1439 1694 confessionis
1484 1650 1540 1695 et
1588 1641 1814 1695 Eucha-

193 1728 366 1783 ristiae
419 1728 525 1783 sibi
576 1729 913 1798 propitient:
972 1729 1042 1782 ad
1090 1729 1241 1799 quod
1293 1736 1452 1781 tuam
1499 1729 1605 1780 illis
1657 1747 1817 1797 para-

194 1823 313 1867 tam
380 1815 671 1867 exhibebis
732 1834 982 1883 operam,
1048 1817 1355 1869 ostendens
1412 1825 1469 1869 te
1521 1817 1660 1884 ipsis
1728 1817 1821 1867 illo

197 1901 405 1954 functis
474 1902 658 1954 officio
721 1902 1009 1970 primario,
1078 1920 1437 1970 nequaquam
1498 1900 1823 1955 defuturum

197 1989 253 2041 in
292 1988 512 2041 caeteris
555 1988 1062 2041 commoditatibus
1098 1988 1228 2040 vitae
1266 2006 1332 2040 ac
1369 1987 1570 2049 victuS,
1610 1988 1719 2039 ista
1756 1989 1826 2039 de

196 2093 307 2144 qua
350 2082 434 2128 est
478 2075 694 2128 dictum
739 2075 959 2128 ratione
1004 2074 1397 2143 impetrandis.

268 2163 334 2214 In
382 2179 484 2214 usu
532 2180 661 2214 cum
706 2161 1031 2214 hominibus
1078 2161 1265 2213 omnis
1310 2161 1533 2229 generis
1579 2160 1815 2229 promis-

191 2267 315 2312 cuo,
358 2248 414 2301 id
454 2248 615 2301 enixe
655 2248 946 2301 affectabis
986 2255 1047 2301 ut
1090 2248 1369 2301 modestia
1409 2248 1466 2299 in
1502 2256 1559 2300 te
1591 2256 1816 2300 tumore

191 2355 369 2389 vacua
415 2355 574 2405 aeque
619 2356 651 2388 a
698 2335 918 2388 cunctis
964 2336 1308 2398 observetur,
1359 2335 1646 2388 neminem
1696 2352 1813 2387 non

191 2424 435 2493 benigne
522 2443 589 2477 ac
648 2423 892 2476 demisse
956 2423 1313 2492 alloquendo,
1380 2422 1614 2491 singulis
1684 2440 1813 2476 cum

193 2509 591 2563 ecclesiasticis
633 2517 755 2563 tum
804 2510 1164 2563 saecularibus
1219 2510 1513 2573 honorem,
1569 2519 1821 2579 quantus

193 2596 395 2666 cuique
437 2598 730 2666 competit,
775 2597 987 2665 prolixe
1032 2596 1364 2650 deferendo:
1421 2601 1512 2660 (ut
1556 2598 1709 2649 enim·
1754 2616 1821 2649 ex

194 2685 251 2735 S.
302 2684 577 2752 Gregorio
631 2684 800 2747 nosti,
864 2684 1155 2737 humilitas
1217 2702 1490 2747 amorem,
1555 2684 1821 2753 superbia

194 2769 387 2823 odium
430 2769 627 2838 parit.)
711 2770 934 2838 Siquid
980 2769 1194 2823 fructus
1232 2787 1299 2822 ex
1335 2770 1448 2823 tuis
1491 2770 1823 2823 ministeriis

194 2857 457 2922 exstabit,
511 2857 632 2926 ejus
683 2856 909 2910 laudem
977 2856 1129 2909 haud
1196 2864 1450 2925 appeteS,
1519 2856 1607 2909 vel
1675 2857 1824 2910 ultro

194 2944 441 2999 delatam
496 2945 769 3014 accipies;
838 2945 935 2997 sed
976 2953 1158 2997 totam
1207 2944 1263 2995 in
1310 2944 1553 2996 solidum
1607 2944 1675 2996 iis
1727 2944 1821 2997 tri-

192 3032 332 3085 bues
393 3050 535 3102 quos
596 3032 699 3086 tibi
758 3040 1019 3086 auctores
1081 3033 1502 3101 adjutoresque,
1568 3034 1825 3101 adeoque

196 3120 513 3191 praecipuos
567 3120 859 3181 effectores
925 3120 1147 3196 piorum
1210 3119 1532 3175 istiusmodi
1587 3138 1823 3192 operum
