2639 3798
688 350 873 390 LIBER
910 352 1013 391 VII.
1035 369 1107 376 -
1127 353 1422 393 EPISTOLA
1461 353 1516 393 V.

1812 354 1914 410 139

286 490 510 543 abunde
576 498 802 558 superet
868 492 1020 558 quod
1082 492 1402 561 Japonibus
1465 493 1764 555 vendatur,
1823 492 1915 546 vix

284 576 631 631 tenebuntur
666 576 721 628 in
779 577 988 630 vicinia
1050 579 1356 631 sinicorum
1429 587 1718 647 portuum,
1778 578 1914 648 quin

285 663 584 731 cupiditati
654 664 1042 731 obsequantur
1106 673 1161 719 et
1239 684 1467 718 cursum
1533 666 1912 735 interpellent,

283 748 557 821 quidquid
620 757 820 802 contra
887 751 1122 804 suadeat
1176 759 1491 820 tempestas
1545 759 1600 803 et
1653 760 1913 804 vectores

282 837 608 892 reclament.
690 839 844 906 Ergo
887 856 1017 890 cum
1066 830 1354 907 navigium
1403 857 1516 908 quo
1572 841 1769 892 Patres
1819 858 1911 892 ve-

281 925 451 978 hendi
494 932 625 976 sunt
669 925 1011 987 onerabitur,
1067 925 1368 993 impetrate
1421 926 1492 977 ab
1546 926 1615 978 iis
1668 945 1909 994 quorum

282 1011 402 1062 haec
445 1016 700 1076 potestas
745 1017 848 1072 est,
885 1028 955 1063 ne
990 1011 1199 1079 piperis
1236 1030 1406 1080 supra
1446 1011 1742 1080 octoginta
1778 1031 1908 1080 cap-

281 1116 371 1149 sas
410 1096 756 1163 imponatur.
838 1097 895 1149 Is
923 1095 1098 1151 ferme
1139 1115 1408 1151 numerus
1451 1105 1536 1152 est
1581 1099 1676 1168 qui
1723 1099 1909 1151 Sacaii

280 1184 392 1237 cito
420 1191 476 1236 et
505 1181 660 1236 lucro
690 1181 939 1237 maximo
966 1190 1155 1252 potest
1185 1183 1445 1238 distrahi.

350 1270 516 1322 Aliud
589 1277 864 1339 praeterea
936 1270 1262 1338 praemuniri
1335 1270 1537 1324 vellem
1603 1272 1676 1324 ad
1741 1278 1908 1325 tanto

279 1357 557 1410 efficacius
609 1356 960 1409 fraenandam
1021 1356 1492 1410 naviculariorum
1546 1357 1904 1412 aviditatem.

279 1446 453 1498 Orate
494 1444 789 1497 dominum
831 1452 1152 1513 praetorem,
1192 1443 1287 1512 qui
1318 1443 1481 1497 vobis
1514 1443 1570 1497 id
1601 1462 1716 1497 non
1757 1462 1905 1513 aegre

275 1531 700 1599 gratificabitur,
743 1539 804 1585 ut
833 1531 1148 1601 diplomati,
1192 1550 1303 1601 quo
1344 1532 1549 1584 rectori
1590 1531 1751 1585 navis
1791 1531 1902 1584 huc

275 1626 525 1672 venturae
578 1626 805 1673 nostros
858 1618 914 1671 in
965 1621 1246 1690 Japonem
1300 1620 1640 1688 deportandi
1706 1638 1900 1672 curam

276 1707 662 1770 demandabit,
718 1707 926 1760 diserte
972 1707 1216 1760 adscribi
1257 1707 1484 1775 jubeat:
1529 1709 1739 1760 Vetare
1783 1725 1901 1760 om-

274 1793 407 1846 nino
450 1811 509 1846 se
556 1812 626 1847 ne
674 1793 1028 1846 mercimonii
1076 1812 1247 1846 causa
1289 1793 1345 1845 in
1391 1793 1657 1845 Sinarum
1701 1800 1900 1862 portus

274 1883 602 1945 exscendat;
661 1882 794 1952 quia
840 1883 991 1935 enim
1040 1890 1291 1935 extrema
1343 1880 1762 1950 tempestivitas
1809 1900 1900 1934 co-

271 1969 579 2037 gitantibus
644 1972 926 2040 Japonem
996 1969 1165 2032 Sinis,
1212 1969 1268 2021 in
1325 1969 1593 2037 Kalendis
1657 1968 1899 2036 Augusti

272 2056 451 2109 defixa
491 2065 605 2120 est3
658 2058 802 2109 adeo
843 2064 903 2109 ut
945 2056 1051 2108 nisi
1093 2055 1294 2108 saltem
1341 2045 1429 2108 eo>
1455 2055 1546 2108 die
1590 2054 1714 2108 vela
1761 2055 1897 2108 dent

270 2144 457 2196 etesiis
510 2145 641 2197 inde
690 2143 892 2196 adhuc
945 2144 1001 2195 in
1057 2151 1410 2196 menstruum
1466 2142 1580 2195 fere
1643 2142 1893 2211 spatium

269 2231 577 2299 spiraturiS,
632 2250 818 2285 rerum
865 2231 976 2284 illic
1022 2230 1436 2284 maritimarum
1481 2229 1647 2299 periti
1694 2229 1892 2298 despe-

269 2326 391 2373 rent
431 2319 736 2391 Japoniam
776 2319 869 2372 illo
905 2337 1058 2371 anno
1095 2318 1251 2387 tangi
1288 2336 1482 2386 posse:
1527 2316 1894 2369 manifestum

268 2421 386 2458 esse
430 2406 651 2460 Malaca
692 2407 974 2460 solventes
1015 2407 1118 2458 sub
1158 2407 1329 2457 finem
1368 2405 1543 2475 Junii,
1575 2404 1621 2457 si
1650 2403 1895 2473 negotiis
1939 2407 1944 2410 ’

267 2507 324 2542 se
351 2493 643 2561 implicent
681 2494 737 2545 in
778 2493 1046 2562 emporiis
1088 2493 1371 2555 Sinarum,
1403 2491 1553 2544 haud
1596 2491 1892 2559 expeditos

265 2578 334 2630 ad
377 2581 799 2649 navigationem
843 2580 960 2633 fore
1006 2580 1109 2632 sub
1153 2579 1378 2632 initium
1423 2578 1681 2647 Augusti,
1732 2596 1892 2632 mora

264 2653 412 2719 enim
459 2668 570 2721 illic
623 2669 942 2722 necessaria
995 2667 1355 2720 occasionem
1409 2667 1734 2718 absumeret
1786 2665 1893 2719 viae

257 2749 556 2818 japonicae,
596 2763 937 2824 cogeretque
976 2773 1197 2808 rursum
1236 2753 1551 2823 exspectari
1604 2771 1783 2821 usque
1820 2753 1892 2805 ad

263 2855 471 2892 annum
538 2850 856 2894 vertentem
925 2850 1097 2910 quam
1165 2848 1372 2894 vocant
1435 2841 1728 2903 motionem,
1783 2839 1893 2891 hoc

262 2933 362 2990 est,
386 2945 582 2981 auram
613 2938 668 2982 et
697 2937 1101 2999 tempestatem
1133 2926 1629 2994 accommodatam
1661 2926 1733 2978 ad
1762 2943 1891 2979 eum

261 3013 579 3081 trajectum,
611 3025 763 3071 stato
792 3019 1068 3070 duntaxat
1098 3016 1190 3067 illo
1218 3024 1476 3084 tempore
1505 3031 1890 3067 recursuram:

262 3100 411 3166 quod
465 3102 598 3171 quia
650 3103 806 3174 gravi
858 3102 1283 3176 praedicationis
1348 3102 1705 3170 evangelicae,
1765 3119 1892 3173 quae
