2665 3754
651 399 755 452 270
996 392 1179 435 LIBER
1219 394 1346 434 V111.
1370 411 1441 418 -
1463 395 1755 435 EPISTOLA
1793 393 1932 436 XVII.

1077 646 1556 708 EPISTOLA
1623 648 1859 709 XVII.

778 878 978 941 Patri
1034 896 1197 940 meo
1247 879 1319 939 in
1370 879 1662 942 Christo
1713 880 1789 941 P.
1842 878 2150 958 Ignatio.

719 1112 788 1164 In
816 1111 979 1164 Sinas
1007 1111 1189 1182 plenas
1227 1113 1333 1183 spei
1358 1112 1684 1182 profecturus
1717 1112 1889 1165 Indice
1915 1112 2282 1182 praefecturam

646 1199 870 1250 Barzaeo
907 1199 1200 1251 committit.
1279 1199 1530 1269 Egregiae
1566 1200 1701 1252 dotes
1738 1200 1795 1251 in
1828 1199 2124 1269 Japoniam
2162 1199 2280 1252 mit-

646 1286 810 1338 tendis
873 1287 1185 1338 necessariae.
1266 1288 1481 1339 Goanas
1545 1293 1709 1338 rector
1761 1288 1825 1339 ab
1876 1289 1909 1338 I
1907 1288 2093 1356 gnatio
2151 1288 2278 1339 deli-

643 1372 871 1441 gendus;
914 1372 1201 1442 diplomata
1227 1373 1510 1440 Pontifioia
1549 1373 1645 1426 rite
1682 1373 1953 1442 obsignata
1991 1373 2278 1434 mittenda;

648 1459 922 1509 Sociorum
974 1460 1030 1509 in
1083 1460 1302 1510 Indiam
1360 1460 1730 1510 mittendorzmi
1773 1460 2032 1529 probatio.
2110 1461 2279 1510 Accu-

646 1554 763 1598 rata
810 1549 869 1598 de
921 1549 1156 1599 omnibus
1210 1549 1483 1600 Societatis
1535 1549 1684 1599 rebus
1735 1549 1976 1599 narratio
2027 1564 2280 1617 ‘magnum

646 1632 879 1685 Xaverio
924 1632 1191 1686 solatiam.

723 1779 923 1831 Gratia
969 1788 1024 1830 et
1072 1779 1322 1831 charitas
1371 1779 1605 1831 Domini
1654 1779 1833 1831 nostri
1878 1781 2017 1849 Jesu
2067 1777 2281 1831 Christi

648 1865 761 1917 sint
806 1883 1030 1933 semper
1072 1865 1129 1916 in
1173 1866 1383 1918 nostris
1425 1866 1746 1918 animabus.
1826 1868 2029 1918 Amen.

652 2006 1010 2146 JANUARIO
1054 2028 1248 2062 mense
1291 2009 1549 2078 proximo
1590 2009 1788 2078 scripsi
1828 2010 1901 2062 ad
1941 2016 1997 2062 te
2038 2010 2108 2062 de
2152 2027 2281 2062 meo

780 2115 847 2148 ex
886 2098 1132 2166 Japonia
1176 2097 1232 2148 in
1280 2097 1504 2149 Indiam
1553 2098 1755 2160 reditu,
1801 2098 1871 2149 de
1916 2097 2280 2150 multitudine

647 2182 1005 2236 ethnicorum
1071 2184 1143 2236 ad
1210 2183 1503 2236 Christum
1558 2190 1882 2252 aggregata,
1947 2184 2017 2236 de
2083 2181 2283 2236 Cosmi

649 2270 913 2322 Turriani
961 2279 1016 2323 et
1061 2270 1304 2341 Joannis
1359 2270 1708 2322 Ferdinandi
1762 2270 2057 2334 industria,
2107 2270 2202 2340 qu'i
2249 2290 2284 2323 a

648 2376 739 2409 me
773 2358 1112 2426 Amangucii
1156 2358 1334 2411 relicti
1377 2358 1718 2411 christianos
1755 2358 1876 2426 jam
1921 2358 2121 2421 fact05‚
2161 2358 2280 2428 qui·

648 2464 758 2516 que
822 2447 1076 2517 quotidie
1128 2447 1290 2510 fiunt,
1357 2446 1620 2499 excolunt
1679 2445 1994 2516 diligenter.
2075 2447 2280 2516 Prope-

649 2534 799 2588 diem
834 2535 947 2587 duo
981 2553 1010 2587 e
1041 2534 1329 2587 Societate
1370 2533 1788 2602 Amangucium
1830 2533 2280 2602 proficiscentur,

646 2621 741 2689 qui
786 2621 995 2688 partim
1049 2620 1391 2672 Turrianum
1440 2638 1541 2671 sua
1587 2638 1759 2687 opera
1799 2619 2019 2686 juvent,
2067 2619 2278 2687 partim

646 2708 819 2761 etiam
864 2707 1146 2778 Japonica
1192 2706 1382 2775 lingua
1440 2705 1802 2766 erudiantur;
1863 2713 1922 2758 ut
1982 2724 2110 2759 cum
2159 2723 2280 2774 spe-

648 2802 803 2849 ctata
841 2795 1049 2848 virtute
1080 2796 1277 2847 Patres
1318 2794 1488 2847 istinc
1525 2793 1860 2847 advenerint
1889 2793 1946 2846 in
1967 2792 2282 2864 Japonicas

646 2883 972 2938 academias
1036 2882 1185 2948 ituri,
1250 2890 1481 2951 paratos
1545 2881 1797 2935 habeant
1857 2880 2051 2935 fideles
2108 2880 2279 2935 inter-

648 2980 838 3040 pretes
884 2971 1089 3040 quibus
1133 2979 1383 3021 utantur.
1463 2969 1800 3038 Amangucii
1823 2969 1944 3037 jam
1976 2968 2084 3020 Dei
2128 2967 2282 3020 beni-

649 3058 869 3127 gnitate
947 3058 1252 3110 Societatis
1325 3057 1674 3110 domicilium
1750 3064 1834 3110 est
1905 3056 2281 3110 constitutum

651 3154 769 3199 tam
815 3144 1009 3214 procul
1052 3145 1123 3197 ab
1168 3144 1304 3197 urbe
1351 3146 1564 3197 Roma:
1623 3144 1783 3197 abest
1827 3142 2036 3212 quippe
2079 3162 2111 3196 a
2155 3145 2283 3198 Goa
