2665 3754
733 345 839 401 430
1250 345 1438 384 INDEX
1478 346 1840 384 GENERALIS.

850 487 945 522 tate
968 479 1158 531 dimissi,
1176 487 1255 522 aut
1278 480 1489 537 castigati
1497 496 1509 532 ς
1537 483 1593 523 de
1617 481 1815 523 maxima
1837 494 1946 538 erga
1969 481 2239 537 episcopum

850 538 1144 581 observantia
1148 571 2164 582 ...............
2213 563 2237 581 -.
2273 552 2357 596 209

732 616 976 661 EPISTOLA
1006 619 1061 661 V.
1077 620 1205 662 -Ρ,
1226 620 1464 661 ,Μείεῆίονί
1486 620 1735 661 Nunnezio.
1751 644 1809 650 —
1826 619 2056 662 Melchior
2082 619 2241 663 domui

851 676 1122 721 Bazainensi
1155 678 1424 734 praefectus;
1463 680 1735 722 accurandae
1766 678 2065 736 vectigalium
2103 677 2244 723 ratio·

850 750 946 790 nes,
991 737 1203 780 habenda
1245 737 1292 780 in
1332 737 1616 794 expensione
1658 737 1869 794 pecuniae
1910 737 2241 780 necessitatum

847 797 978 848 ratio,
1008 798 1088 839 sed
1117 797 1306 840 vitanda
1334 797 1518 840 sordida
1550 797 1858 853 parcimonia;
1892 799 1948 840 de
1978 799 2118 841 modo
2147 797 2242 840 exi-

848 856 988 915 gendi
1030 856 1289 916 vectigalia,
1333 866 1379 901 et
1421 857 1713 915 querelarum
1757 856 2001 901 occasione
2039 856 2241 901 vitanda.

731 942 976 987 EPISTOLA
1005 943 1085 988 VI.
1117 970 1177 976 —-
1207 944 1258 987 P.
1288 944 1464 999 Joanni
1493 944 1720 997 Roderz'co,
1755 945 2047 989 Armuzz’am.
2078 970 2139 976 -——
2169 944 2240 989 De

847 1003 1009 1062 culpis,
1031 1003 1200 1062 quibus
1230 1003 1316 1047 Dei
1346 1003 1494 1063 gloria
1522 1010 1568 1047 et
1598 1004 1856 1048 animarum
1888 1004 2066 1047 fructus
2095 1004 2241 1063 impe-

847 1065 1039 1108 diuntur
1054 1079 1066 1117 ς
1098 1066 1154 1107 de
1182 1065 1478 1107 observantia
1507 1065 1554 1106 in
1580 1065 1954 1122 proepiseopum,
1977 1073 2023 1107 et
2051 1065 2098 1107 in
2124 1065 2240 1109 alios

847 1125 1110 1166 sacerdotes
1148 1124 1425 1174 reverentia,
1465 1138 1516 1166 ac
1554 1126 1611 1166 de
1649 1124 1809 1167 multis
1845 1138 1871 1166 e
1910 1124 2143 1167 Societate
2179 1125 2240 1168 ob

839 1182 1109 1239 jactantiam
1134 1182 1334 1225 dimissis
1351 1198 1362 1233 ;
1400 1182 1463 1225 Μ.
1487 1182 1684 1239 Gaspari
1708 1185 1922 1227 mandata
1936 1198 1948 1235 ;
1984 1182 2122 1227 venia
2142 1184 2239 1227 cul-

846 1251 1008 1298 parum
1052 1255 1078 1284 a
1117 1241 1425 1298 proepiscopo
1467 1243 1712 1295 exoranda,
1756 1241 2035 1286 concionum
2079 1242 2239 1296 forma,

845 1300 1111 1343 functiones
1143 1314 1307 1343 omnes
1337 1301 1516 1355 placide
1545 1301 1936 1343 administrandae.
1998 1302 2069 1343 De
2100 1302 2238 1344 rebus

845 1357 934 1401 'sibi
984 1358 1195 1415 pluribus
1247 1359 1516 1410 scribendis,
1571 1360 1730 1414 paucis
1781 1359 2013 1416 episcopo.
2079 1359 2239 1403 Socios

842 1417 1147 1475 Japonienses
1175 1418 1343 1471 laudat,
1379 1424 1517 1474 atque
1544 1417 1913 1475 objurgationem
1942 1418 2088 1476 ipsam
2120 1418 2238 1463 miro

843 1476 1002 1520 condit
1045 1476 1279 1519 charitatis
1320 1489 1484 1533 sapore
1489 1508 2237 1520 ...........
2271 1488 2351 1530 217

726 1551 971 1613 Emffiom
1001 1564 1105 1605 VII.
1134 1588 1193 1594 ——
1219 1564 1271 1605 P.
1311 1563 1485 1605 Simoni
1517 1563 1744 1605 Roderz'co.
1768 1589 1827 1594 —
1855 1564 2090 1606 Andream
2127 1564 2236 1607 Car-

724 1622 832 1754 ις
842 1623 1034 1666 vallium
1081 1623 1128 1665 in
1165 1621 1453 1666 Lusitaniam
1493 1622 1738 1665 remissum
1777 1624 2087 1666 commendat.
2152 1656 2161 1665 .
2225 1657 2235 1666 .
2269 1624 2348 1666 226

798 1721 813 1754 1

818 1720 968 1754 STOLA
999 1709 1270 1753 VIII.——P.
1303 1708 1450 1752 Paulo
1486 1708 2002 1767 IIeredioe.—Egregia
2036 1709 2235 1767 operarii

840 1768 1098 1827 evangelici
1136 1769 1282 1813 forma
1285 1801 2232 1812 ..............
2268 1771 2349 1812 228

724 1857 968 1900 EPISTOLA
999 1856 1080 1898 IX.
1123 1882 1181 1887 —-—
1226 1855 1466 1898 Melchiorz'
1502 1856 1752 1898 Nunnezzb.
1797 1882 1855 1887 ——
1900 1855 2131 1900 Hortatur
2176 1858 2233 1900 ad

839 1915 1050 1960 omnium
1085 1914 1313 1959 virtutum
1347 1914 1572 1971 exempla,
1602 1914 1838 1959 charitatis
1872 1914 1919 1958 in
1952 1914 2127 1972 primis,
2157 1916 2233 1960 de—

841 1974 1074 2020 missionis
1118 1974 1275 2027 animi,
1324 1981 1369 2018 et
1415 1974 1726 2019 observantiae
1773 1974 1820 2018 in
1867 1976 2129 2020 sacerdotes
2181 1988 2232 2020 ac

841 2035 1136 2092 magistratus
1167 2047 1343 2077 ornnes.
1406 2033 1477 2077 De
1509 2034 1646 2077 rebus
1681 2035 1737 2077 ad
1770 2047 1927 2090 regem
1961 2034 2231 2087 scribendis,

840 2093 1173 2150 exigendisque
1207 2092 1514 2150 vectigalibus
1519 2126 2227 2137 ...........

724 2181 968 2224 EPISTOLA
997 2180 1055 2223 X.
1071 2204 1131 2211 ——-
1145 2181 1197 2222 P.
1219 2180 1460 2222 splelclzz'om’
1481 2180 1730 2230 Nunnezz'o,
1759 2179 1852 2222 Soc.
1868 2179 1933 2232 J„
1952 2180 2226 2223 Bczzac'num.

838 2265 896 2272 -—
914 2241 1209 2296 Spargendus
1232 2239 1381 2281 bonus
1406 2238 1651 2281 Societatis
1673 2240 1787 2281 odor
1802 2254 1813 2289 ;
1842 2238 2099 2281 necessaria
2119 2252 2230 2282 con-

838 2298 1067 2343 cionatori
1089 2297 1341 2342 humilitas.
1403 2296 1498 2352 Qui
1521 2296 1706 2354 publice
1728 2296 1920 2342 offendit
1949 2312 1974 2342 e
1999 2296 2230 2343 Societate

838 2358 1156 2402 dimittendus.
1220 2356 1477 2401 Redituum
1508 2356 1924 2413 impendendorum
1956 2357 2088 2401 ratio.
2152 2357 2226 2401 Se-

838 2419 946 2463 dula
971 2417 1195 2462 charitate
1223 2423 1269 2461 et
1296 2415 1560 2461 humilitate
1586 2415 1892 2461 nanciscenda
1917 2417 2038 2474 apud
2066 2429 2229 2461 omnes

837 2477 996 2536 gratia,
1032 2484 1078 2521 et
1111 2476 1374 2521 uberrimus
1408 2476 1669 2520 animorum
1709 2477 1886 2519 fructus
1923 2476 2228 2534 colligendus.

836 2539 907 2581 De
949 2537 1295 2582 conscribendis
1337 2536 1546 2594 epistolis
1552 2570 2225 2580 ..........
2260 2547 2343 2589 240

718 2628 962 2670 EPISTOLA
991 2627 1073 2668 XI.
1105 2650 1165 2656 —-
1193 2627 1245 2668 P.
1293 2626 1489 2682 Gasparz'
1528 2626 1723 2666 Barzoeo.
1756 2649 1816 2655 —
1845 2625 1998 2667 Goani
2042 2624 2228 2681 collegii

836 2687 1010 2729 Rector
1035 2684 1352 2728 constituitur.
1415 2683 1689 2726 Refractarii
1719 2691 1765 2725 et
1797 2683 1985 2739 superbi
2018 2697 2043 2726 e
2074 2683 2229 2726 Socie-

835 2752 929 2788 tate
966 2743 1241 2800 expellendi,
1281 2742 1527 2800 vectigalia
1566 2741 1764 2785 fideliter
1800 2743 2117 2798 expendenda.
2142 2776 2152 2785 .
2216 2775 2225 2784 .
2260 2752 2339 2793 245

719 2832 964 2876 EP1sTOLA
993 2831 1504 2874 XII.-—Ez'dem.-—Ne
1526 2830 1704 2886 Gaspar
1726 2830 1929 2874 triennio
1950 2837 2052 2873 toto
2074 2830 2226 2873 Goam

836 2893 1029 2943 deserat,
1064 2891 1153 2933 nisi
1186 2891 1363 2933 electus
1394 2903 1420 2932 a
1453 2889 1710 2946 Praeposito
1742 2889 1963 2932 Generali
1995 2888 2227 2932 adveniat.

838 2951 962 2994 Huic
984 2958 1139 2993 autem
1171 2957 1217 2993 et
1239 2949 1418 3005 Gaspar
1449 2949 1546 3005 ipse
1576 2957 1622 2990 et
1645 2949 1801 2991 caeteri
1828 2962 1990 2991 omnes
2016 2948 2198 2992 subsint
2213 2962 2225 3000 ;

834 3011 914 3067 qui
952 3010 1206 3060 renuerint,
1245 3023 1270 3050 e
1310 3008 1541 3051 Societate
1580 3008 1875 3050 dimittantur
1880 3040 2225 3051 ......
2260 3016 2341 3057 250

717 3093 961 3136 EPISTOLA
990 3090 1544 3134 XIII.-E2·dem.-De
1580 3104 1664 3132 usu
1698 3088 2073 3146 privilegiorum.
2140 3123 2148 3130 .
2214 3121 2222 3129 .
2258 3095 2336 3139 252
