2639 3798
753 509 937 544 LIBER
979 507 1106 542 VIII.
1129 521 1201 526 --
1223 505 1519 540 EPISTOLA
1562 506 1615 541 V.
1899 505 2003 553 213

364 651 754 708 exemerimus.
837 646 927 697 Ita
971 663 1038 695 ex
1081 642 1257 695 animi
1303 641 1413 695 mei
1458 641 1743 695 sententia
1787 649 1997 714 statUO,

363 750 415 795 et
463 740 516 791 in
573 737 740 804 hujus
795 750 936 783 meae
991 730 1303 782 voluntatis
1357 730 1632 780 indicium
1685 748 1752 780 ac
1805 730 1996 791 fidem,

363 827 490 881 huic
534 824 745 878 chartae
793 837 965 870 manu
1010 818 1239 886 propria
1285 817 1598 868 subscribo.

434 913 573 964 Goae
611 910 667 960 in
713 907 968 972 Collegio
1014 905 1211 956 Sancti
1259 904 1436 965 Pauli,
1482 904 1663 971 pridie
1710 903 1998 955 Kalendas

367 997 620 1051 Martias,
670 997 835 1045 Anno
887 992 1148 1042 MDLII.

1521 1136 1926 1187 FRANCISCUS.

432 1346 735 1411 Apponam
765 1339 857 1391 hic
887 1337 1108 1389 monita
1136 1344 1192 1388 et
1223 1337 1496 1388 mandata
1536 1354 1779 1404 quorum
1823 1337 1997 1387 ductu

361 1431 610 1497 regimen
658 1437 714 1479 te
762 1426 914 1478 istud
961 1441 1224 1476 exercere
1271 1422 1560 1491 pervelim.

435 1514 713 1582 Incipiam
743 1530 774 1563 a
809 1528 945 1563 cura
984 1507 1366 1577 vectigalium,
1413 1526 1539 1576 quae
1581 1526 1694 1571 rex,
1738 1517 1834 1561 aut
1876 1509 1999 1577 ejus

360 1602 588 1656 nomine
661 1607 936 1668 praetores
1005 1597 1204 1659 Indiae,
1280 1596 1647 1664 percipienda
1720 1597 1996 1649 Societati

359 1687 661 1741 liberaliter
706 1686 1111 1746 attribuerunt,
1161 1701 1276 1735 non
1325 1683 1508 1735 solum
1557 1683 1614 1735 in
1663 1702 1828 1736 usum
1886 1685 1995 1737 Ba-

359 1774 503 1827 zaini
550 1772 881 1841 degentium
929 1771 1246 1833 Sociorum,
1290 1771 1388 1822 sed
1443 1778 1497 1822 et
1542 1788 1738 1826 eorum
1799 1771 1895 1839 qui
1939 1772 1998 1823 in

337 1863 465 1917 ,hac
517 1863 689 1914 domo
744 1862 948 1913 Goana
1002 1859 1265 1911 habitant
1319 1868 1490 1927 atque
1545 1858 1601 1911 in
1650 1858 1995 1912 stationibus

359 1949 487 2000 huic
533 1949 821 2015 subjectis.
903 1948 1071 1998 Circa
1118 1947 1241 1997 haec
1288 1947 1535 2013 primum
1588 1946 1718 1998 volo
1763 1955 1822 1998 te
1874 1946 1995 1999 dili-

357 2042 553 2101 genter
594 2035 734 2085 inire
777 2034 1029 2086 rationes
1073 2052 1203 2085 cum
1249 2042 1446 2086 nostro
1495 2032 1806 2085 Melchiore
1836 2035 1991 2086 Gon-

355 2119 490 2181 Zale‚
545 2119 639 2186 qui
693 2118 1017 2172 collectioni
1072 2126 1126 2171 et
1181 2119 1598 2186 dispensationi
1667 2120 1991 2171 istiusmodi

357 2223 626 2257 censuum
667 2204 837 2273 longo
870 2205 992 2274 jam
1032 2213 1290 2273 tempore
1326 2204 1568 2273 praefuit,
1599 2213 1796 2258 exacte
1826 2206 1897 2257 ab
1927 2223 1995 2257 eo

293 2362 300 2367 ·
356 2291 649 2343 resciendo
708 2302 987 2361 quantum
1050 2294 1171 2361 ejus
1231 2293 1488 2360 pecuniae
1549 2294 1851 2361 acceperit,
1908 2294 1996 2345 vel

356 2386 588 2445 accepto
640 2380 851 2443 tulerit,
923 2390 1203 2448 quantum
1253 2380 1308 2431 in
1364 2380 1692 2432 nominibus
1754 2380 1990 2448 relique-

357 2463 444 2515 rit.
523 2468 605 2517 Ac
646 2467 923 2535 quidquid
966 2468 1087 2535 ejus
1128 2467 1474 2535 compereris
1515 2467 1881 2535 perscribesis
1922 2469 1993 2519 ad

358 2566 445 2602 me
486 2551 771 2616 distincte,
814 2554 957 2606 scire
999 2555 1150 2606 enim
1192 2572 1350 2606 aveo.
1434 2554 1757 2606 Praesertim
1799 2562 1992 2606 autem

359 2653 580 2691 summa
637 2641 748 2692 fide
824 2644 1089 2711 profitere
1177 2650 1456 2711 quantum
1527 2642 1677 2694 idem
1769 2645 1994 2696 Gonza-

354 2722 437 2776 lez
479 2726 580 2779 tibi
624 2728 1023 2795 praefecturam
1073 2730 1290 2783 ineunti
1347 2738 1648 2782 numerato
1692 2731 1991 2797 consigna-

359 2820 517 2864 vent.

423 2898 552 2966 Jam
600 2900 658 2953 in
706 2905 1073 2970 expensione
1106 2903 1363 2972 pecuniae
1412 2904 1574 2957 istius
1623 2922 1888 2972 magnam
1938 2913 1994 2958 te

354 2981 558 3039 habere
612 2990 893 3043 rationem
945 3012 1046 3060 par
1092 3002 1177 3045 est
1226 2994 1635 3045 necessitatum
1693 2992 1992 3045 Sociorum

354 3068 443 3124 hic
485 3075 832 3144 degentium,
866 3089 919 3133 et
951 3080 1119 3150 hujus
1163 3083 1380 3134 Goanae
1423 3082 1628 3132 domus
1658 3099 1767 3132 aere
1808 3081 1995 3133 alieno

354 3175 579 3225 pressae,
665 3176 785 3217 tum
882 3170 1103 3220 sedium
1192 3169 1548 3230 Cocinensis‚
1635 3170 1992 3231 Cfflanensis,

362 3244 809 3317 Comorinensis‚
867 3274 993 3331 quae
1068 3275 1269 3312 omnes
1339 3256 1470 3312 vitae
1544 3255 1795 3311 subsidia
1870 3257 1998 3311 Goa
