2649 3754
616 469 721 519 216
1007 483 1191 519 LIBER
1232 484 1359 520 VIII.
1384 499 1455 504 —
1478 482 1770 519 EPISTOLA
1810 483 1863 518 V.

690 619 974 685 Cuperem
1041 617 1246 669 deinde
1301 617 1564 686 copiosos
1618 625 1671 669 et
1727 616 1881 669 domi
1940 615 2254 683 locupletes

610 705 891 768 homineS‚
948 706 993 757 si
1046 706 1246 758 talium
1295 706 1631 758 idoneorum
1680 706 1906 757 adesset
1954 703 2137 772 copia,
2182 704 2252 756 ad

613 809 819 844 munus
865 792 1017 844 istud
1057 791 1181 857 legi.
1264 793 1345 844 Ad
1403 792 1507 844 hos
1560 792 1827 844 tenuibus
1894 791 1948 842 in
2004 791 2113 843 hoc
2159 808 2252 857 ge-

610 896 743 930 nere
810 880 1216 947 praeoptandos
1282 878 1404 931 haec
1476 871 1560 930 fne
1627 879 1989 946 potissimum
2057 886 2248 929 movet

609 966 773 1019 ratio,
856 967 988 1017 Non
1029 966 1228 1033 exigua
1270 983 1400 1033 pars
1441 966 1769 1034 hujusmodi
1813 982 2086 1016 censuum
2129 982 2249 1016 cor-

610 1058 842 1120 rogatur
885 1068 914 1105 e
957 1051 1120 1119 plebe
1167 1050 1321 1119 inopi
1370 1051 1639 1119 opificum
1688 1068 1834 1120 aegre
1882 1051 2085 1104 diurno
2135 1067 2251 1104 ma-

614 1138 878 1206 nupretio
920 1137 1328 1190 victitantium.
1412 1138 1488 1189 Hi
1532 1138 1865 1205 plerumque
1895 1156 2045 1199 cum,
2078 1144 2138 1190 ut
2167 1136 2247 1199 fit,

609 1228 680 1276 ad
723 1226 874 1275 diem
918 1225 1190 1274 solvendo
1241 1243 1357 1274 non
1399 1234 1549 1285 sunt,
1593 1225 1699 1274 nisi
1742 1233 2035 1274 exactores
2073 1223 2248 1273 vecti-

608 1312 818 1381 galium
876 1328 1095 1360 moram
1159 1311 1511 1379 indulgeant,
1568 1312 1779 1361 damno
1833 1328 1935 1360 suo
1999 1310 2249 1359 maximo

608 1405 903 1449 vexantur.
987 1399 1133 1447 Eam
1181 1397 1344 1447 facile
1391 1398 1634 1463 gratiam
1682 1398 1991 1463 impetrent
2035 1414 2067 1446 a
2111 1397 2248 1445 divi-

608 1483 779 1547 tibus,
824 1483 1140 1552 praesertim
1187 1483 1320 1535 viris
1367 1483 1532 1535 bonis
1576 1491 1630 1535 et
1679 1475 2248 1535 ad‘misericordiam

608 1569 925 1639 propensiS,
969 1569 1063 1638 qui
1093 1589 1121 1621 e
1151 1589 1208 1622 re
1250 1568 1440 1637 ampla
1480 1569 1798 1622 domestica
1840 1568 1992 1622 nullo
2032 1568 2250 1622 incom-

609 1659 783 1709 modo
830 1657 885 1708 in
933 1664 1295 1709 antecessum
1350 1656 1607 1708 conferre
1660 1656 1850 1708 valent
1907 1657 2057 1723 quod
2115 1674 2247 1708 mox

609 1744 906 1811 recipiant.
1002 1744 1244 1811 Angusti
1295 1762 1324 1794 a
1371 1761 1428 1794 re
1488 1743 1749 1794 familiari
1810 1743 1923 1794 fere
1984 1752 2115 1794 sunt
2175 1744 2246 1794 ad

609 1831 745 1884 talia
799 1830 1190 1893 inexorabiles,
1247 1838 1301 1881 et
1344 1830 1469 1898 jure
1524 1848 1750 1881 summo
1805 1837 2000 1898 agunt,
2055 1830 2249 1898 pigne-

610 1926 804 1971 rantes
857 1925 912 1970 et
966 1926 1305 1986 prensantes
1367 1919 1569 1970 acerbe
1639 1918 1925 1970 debitores
1996 1918 2253 1980 miserm,

611 2004 656 2056 si
726 2005 957 2073 quando
1016 2005 1071 2055 in
1137 2013 1438 2056 numerato
1504 2023 1615 2056 non
1672 2005 1920 2056 habeant
1977 2006 2127 2057 unde
2183 2005 2254 2056 ad

612 2092 909 2160 praefixum
954 2091 1265 2143 terminum
1311 2091 1555 2143 solvant.

687 2179 870 2245 Super
914 2177 1125 2240 omnia,
1174 2196 1274 2245 per
1321 2187 1600 2245 quantum
1644 2178 1881 2246 obsequi
1929 2197 1995 2231 ac
2041 2178 2251 2246 gratifi-

609 2266 724 2317 cari
768 2267 892 2316 Deo
936 2266 1188 2317 Domino
1230 2267 1443 2327 studes,
1488 2284 1586 2317 oro
1624 2276 1677 2317 et
1720 2267 1955 2318 obsecro
1996 2275 2071 2329 te,
2114 2286 2251 2318 cave

610 2371 680 2405 ne
729 2354 787 2404 in
835 2354 1208 2405 offensionem
1263 2354 1602 2422 cujusquam
1657 2355 1929 2417 incurraS,
1986 2363 2083 2408 aut
2133 2356 2249 2423 jus-

610 2447 731 2494 tam
785 2440 1042 2508 praebeas
1100 2441 1462 2493 occasionem
1524 2444 1900 2509 querelarum.
1983 2443 2048 2496 Id
2102 2459 2252 2494 asse-

611 2526 801 2596 queris
830 2527 874 2579 si
905 2535 961 2580 te
1003 2526 1249 2580 demisse
1292 2528 1617 2580 modestum
1660 2536 1714 2581 et
1756 2530 1825 2582 ab
1868 2529 2022 2582 omni
2064 2529 2254 2598 specie

609 2615 791 2667 fastus
832 2615 1242 2667 alienissimum
1286 2637 1511 2683 semper
1552 2618 1793 2684 populus
1834 2618 2251 2680 observaverit;

611 2723 785 2774 quare
833 2705 1115 2772 auspicari
1163 2705 1562 2773 praefecturam
1611 2708 1849 2757 edendis
1898 2707 2122 2775 publice
2169 2708 2252 2758 tui

613 2792 998 2859 depressionis
1040 2793 1312 2860 exemplis
1353 2793 1543 2854 debe5‚
1588 2794 1866 2845 obeundis
1907 2795 2095 2861 palam
2135 2811 2254 2846 om-

611 2877 700 2930 nis
752 2877 976 2945 generis
1030 2877 1227 2930 officiis
1286 2878 1613 2941 humilibus,
1671 2879 1725 2932 in
1782 2880 2147 2943 nosocomiiS,
2198 2881 2255 2933 in

613 2963 906 3024 custodiis,
955 2964 1335 3017 ministrando
1378 2966 1591 3032 egenis,
1639 2967 1763 3018 rudi
1808 2966 1971 3034 plebe
2013 2986 2079 3020 ac
2125 2986 2258 3035 pue-

610 3052 686 3101 ris
716 3053 1009 3101 docendis.
1095 3054 1236 3102 Haec
1285 3053 1339 3101 in
1390 3054 1587 3119 primis
1635 3055 1930 3120 popularia
2002 3074 2256 3115 amorem

613 3139 670 3188 in
737 3148 792 3189 te
849 3140 1230 3190 multitudinis
1296 3141 1632 3190 accendent.
1742 3142 1916 3191 Porro
1958 3159 2101 3208 quos
2174 3142 2256 3192 tui

616 3241 778 3276 amor
842 3225 1346 3292 praeoccupaverit,
1418 3225 1452 3275 ii
1520 3224 1672 3277 haud
1727 3233 1942 3282 temere
1986 3227 2259 3299 interpre-
