2665 3754
684 405 686 407 »
763 375 868 426 330
1092 373 1275 413 LIBER
1313 372 1848 413 VIII.--·EPISTOLA
1900 370 2061 410 XXIII.

832 511 892 562 Si
925 510 1211 562 Antonius
1253 510 1561 563 Gomezius
1601 518 1724 563 toto
1764 509 1873 562 hoc
1913 527 2065 561 anno
2104 507 2385 576 digressus

765 613 795 649 e
838 595 1038 650 Diensi
1092 596 1184 649 ubi
1238 596 1392 665 degit
1445 596 1691 650 statione
1742 595 1926 660 fuerit,
1981 603 2041 648 ut
2092 594 2204 647 alio
2255 598 2385 665 quo—

760 699 1005 751 cumque
1045 691 1323 751 praetextu
1364 692 1461 736 aut
1502 691 1706 735 eventu
1736 700 1795 735 se
1835 681 2109 743 conferat,
2145 681 2385 749 resigna-

756 767 841 820 bis
894 767 1042 822 hanc
1094 769 1338 837 primam
1392 768 1669 831 chartam,
1719 776 1774 821 et
1822 768 1975 838 quod
2028 767 2085 819 in
2131 785 2197 819 ea
2247 785 2386 836 prae-

755 853 941 906 scribo
1014 852 1205 917 facieS,
1283 853 1604 923 exemplum
1671 854 1926 922 ejusdem
2005 853 2116 907 mei
2194 852 2382 922 scripti

756 941 990 996 mittens
1018 942 1090 994 ad
1119 942 1384 995 eumdem
1407 941 1719 995 Antonium
1745 939 2102 1002 Gomezium,
2125 946 2383 1009 autogra-

754 1029 869 1096 pho
925 1048 1101 1098 penes
1152 1039 1209 1083 te
1262 1038 1504 1093 retent0,
1560 1038 1616 1083 et
1668 1048 1768 1098 per
1832 1029 2135 1097 inscriptas
2202 1028 2381 1082 eidem

754 1125 883 1167 tuas
929 1116 1257 1185 significans
1303 1136 1431 1185 quae
1477 1116 1651 1184 jubeo
1698 1116 1754 1167 in
1801 1115 1998 1167 charta
2050 1122 2381 1176 memorata,

757 1194 928 1271 quam
958 1202 1322 1272 obsignatam
1362 1202 1637 1272 relinquo,

829 1288 1142 1357 Postquam
1197 1308 1368 1341 naves
1420 1288 1582 1342 iturae
1635 1288 1692 1340 in
1741 1288 2099 1341 Lusitaniam
2152 1287 2276 1341 vela
2330 1288 2383 1341 in

755 1375 934 1425 altum
977 1376 1256 1437 dederint,
1301 1375 1526 1426 etiamsi
1569 1384 1806 1426 eatenus
1848 1373 2134 1425 Antonius
2180 1374 2384 1426 Gome-

754 1459 875 1512 zius
914 1460 971 1512 in
1015 1461 1261 1513 statione
1307 1461 1505 1513 Diensi
1550 1460 1774 1530 quietus
1816 1460 2212 1528 permanserit,
2258 1477 2383 1528 ape-

756 1545 864 1597 ries
906 1547 1218 1598 seeundam
1260 1546 1518 1599 chartam
1548 1565 1719 1615 quam
1761 1545 1942 1614 sigillo
1983 1546 2265 1598 munitam
2301 1545 2385 1598 hie

753 1630 966 1700 linquo,
1022 1639 1077 1684 et
1132 1631 1300 1701 hujus
1352 1632 1612 1684 similiter
1662 1630 2055 1701 apographum
2109 1632 2182 1683 ad
2230 1631 2380 1684 illurn

759 1717 952 1771 mittes
966 1736 979 1780 ;
1022 1717 1395 1787 archetypum
1423 1736 1557 1771 vero
1590 1719 1859 1772 ostendes
1900 1718 2135 1772 domino
2176 1718 2386 1787 episco-

762 1823 854 1875 ρο,
909 1813 965 1858 et
1018 1823 1147 1858 eum
1205 1805 1431 1876 rogabis
1483 1814 1559 1859 ut
1597 1805 1701 1858 rite
1759 1805 1955 1858 testari
2010 1823 2080 1858 ne
2131 1813 2390 1876 gravetur

762 1910 1071 1961 congruere
1111 1911 1213 1960 per
1253 1894 1447 1946 omnia
1487 1912 1618 1947 cum
1659 1894 2013 1962 autographo
2053 1894 2385 1963 exemplum.

760 1981 908 2033 Cum
948 1980 1055 2032 hac
1096 1980 1313 2032 domini
1354 1980 1606 2049 episcopi
1648 1981 1776 2043 fide,
1819 1979 2035 2034 chartae
2075 1983 2230 2033 meae⁴
2257 1999 2387 2050 apo-

754 2065 1034 2134 graphum
1073 2066 1350 2120 Gomezio
1390 2067 1602 2130 mitte5‚
1633 2083 1840 2134 rogans
1881 2067 2048 2120 simul
2088 2067 2382 2120 dominum

757 2152 1087 2221 episcopum
1141 2162 1202 2205 ut
1257 2153 1307 2204 ei
1354 2152 1623 2222 deinceps
1676 2161 1952 2221 tanquam
2005 2152 2109 2205 sibi
2165 2152 2386 2205 subdito

756 2238 985 2302 scribat,
1030 2246 1085 2292 et
1128 2256 1231 2307 pro
1276 2246 1564 2307 potestate
1610 2239 1851 2307 imperet
1898 2256 2011 2308 quo
2057 2240 2136 2292 ire
2182 2239 2383 2309 quidve

756 2343 922 2395 agere
969 2325 1155 2394 ipsum
1202 2325 1362 2385 velit;
1426 2325 1625 2377 melius
1677 2334 1873 2378 tamen
1919 2333 2088 2388 esset,
2136 2343 2264 2377 meo
2303 2323 2387 2392 ju-

757 2412 924 2474 dicio,
970 2412 1153 2464 sinere
1195 2412 1381 2480 ipsum
1426 2412 1639 2465 haerere
1683 2414 1740 2464 in
1785 2414 1922 2465 urbe
1969 2413 2186 2465 Diensi.

832 2502 890 2555 Si
944 2503 1202 2555 Andreas
1257 2502 1590 2567 CarvalliuS,
1646 2521 1815 2573 quem
1864 2503 2035 2572 justis
2088 2504 2156 2555 de
2208 2501 2386 2555 causis

758 2591 938 2644 redire
1001 2592 1057 2644 in
1108 2592 1467 2646 Lusitaniam
1515 2593 1677 2660 jussi,
1740 2594 1875 2647 data
1921 2610 2092 2661 opera
2138 2592 2382 2646 omiserit

757 2698 1050 2732 occurrere
1105 2679 1177 2732 ad
1239 2688 1484 2748 tempuS,
1555 2698 1840 2749 navesque
1893 2679 2015 2733 sine
2078 2698 2137 2733 se
2199 2675 2382 2732 siverit

757 2767 930 2830 abire,
967 2767 1164 2820 statim
1206 2785 1336 2820 eum
1366 2785 1395 2819 e
1426 2766 1711 2820 Societate
1752 2766 2008 2821 dimittas
2042 2767 2216 2837 jubeo
2231 2785 2243 2829 ;
2286 2781 2383 2817 nec

758 2855 869 2907 ulla
922 2855 1140 2909 ratione
1193 2855 1411 2924 patiare
1468 2858 1632 2920 (nam
1691 2854 1799 2908 hoc
1852 2873 1957 2925 ego
2008 2855 2176 2925 plane
2227 2854 2379 2914 veto)

757 2942 1077 3010 promoveri
1118 2942 1190 2994 ad
1233 2959 1425 2995 sacros
1454 2942 1700 2996 Ordines
1740 2943 2078 2996 diaconatus
2118 2951 2174 2996 et
2209 2956 2380 2995 sacer-

757 3028 897 3080 dotii
951 3028 1008 3080 in
1065 3028 1248 3090 India,
1316 3028 1682 3096 quantumvis
1747 3029 2014 3082 dominus
2088 3029 2381 3098 episcopus

760 3116 1215 3184 proficisceretur
1254 3115 1362 3168 hoc
1403 3135 1554 3168 anno
1584 3116 1884 3170 Cocinum.
1966 3117 2131 3189 Quod
2163 3115 2209 3172 si
2242 3114 2382 3170 idem
