<?xml version="1.0" encoding="UTF-8"?>
<!DOCTYPE html PUBLIC "-//W3C//DTD XHTML 1.0 Transitional//EN"
    "http://www.w3.org/TR/xhtml1/DTD/xhtml1-transitional.dtd">
<html xmlns="http://www.w3.org/1999/xhtml" xml:lang="en" lang="en">
 <head>
  <title>
</title>
<meta http-equiv="Content-Type" content="text/html;charset=utf-8" />
  <meta name='ocr-system' content='tesseract 3.04.00' />
  <meta name='ocr-capabilities' content='ocr_page ocr_carea ocr_par ocr_line ocrx_word'/>
</head>
<body>
  <div class='ocr_page' id='page_1' title='image "./pts_epistolae_3720-0638_v2/pts_epistolae_3720-0638_v2_0236.png"; bbox 0 0 2639 3798; ppageno 0'>
   <div class='ocr_carea' id='block_1_1' title="bbox 799 363 2049 420">
    <p class='ocr_par' dir='ltr' id='par_1_1' title="bbox 799 363 2049 420">
     <span class='ocr_line' id='line_1_1' title="bbox 799 363 2049 420; baseline 0.002 -18"><span class='ocrx_word' id='word_1_1' title='bbox 799 363 984 402; x_wconf 89' lang='lat' dir='ltr'>LIBER</span> <span class='ocrx_word' id='word_1_2' title='bbox 1023 363 1150 402; x_wconf 87' lang='lat' dir='ltr'>VIII.</span> <span class='ocrx_word' id='word_1_3' title='bbox 1171 378 1244 384; x_wconf 87' lang='lat'>—·</span> <span class='ocrx_word' id='word_1_4' title='bbox 1264 364 1556 401; x_wconf 91' lang='lat' dir='ltr'>EPISTOLA</span> <span class='ocrx_word' id='word_1_5' title='bbox 1594 366 1672 402; x_wconf 91' lang='lat' dir='ltr'>VI.</span> <span class='ocrx_word' id='word_1_6' title='bbox 1946 367 2049 420; x_wconf 87' lang='grc'>225</span> 
     </span>
    </p>
   </div>
   <div class='ocr_carea' id='block_1_2' title="bbox 398 496 2054 2049">
    <p class='ocr_par' dir='ltr' id='par_1_2' title="bbox 398 496 2054 1772">
     <span class='ocr_line' id='line_1_2' title="bbox 494 496 2039 574; baseline -0.003 -13"><span class='ocrx_word' id='word_1_7' title='bbox 494 509 623 561; x_wconf 92' lang='lat' dir='ltr'>Non</span> <span class='ocrx_word' id='word_1_8' title='bbox 674 504 847 574; x_wconf 83' lang='lat' dir='ltr'>prius,</span> <span class='ocrx_word' id='word_1_9' title='bbox 902 502 1040 554; x_wconf 90' lang='lat' dir='ltr'>mihi</span> <span class='ocrx_word' id='word_1_10' title='bbox 1092 504 1290 555; x_wconf 82' lang='lat' dir='ltr'>credas</span> <span class='ocrx_word' id='word_1_11' title='bbox 1341 503 1527 566; x_wconf 88' lang='lat' dir='ltr'>velim,</span> <span class='ocrx_word' id='word_1_12' title='bbox 1582 496 1837 572; x_wconf 84' lang='lat' dir='ltr'>expedivi</span> <span class='ocrx_word' id='word_1_13' title='bbox 1891 506 2039 556; x_wconf 90' lang='lat' dir='ltr'>cala-</span> 
     </span>
     <span class='ocr_line' id='line_1_3' title="bbox 417 589 2030 657; baseline -0.002 -9"><span class='ocrx_word' id='word_1_14' title='bbox 417 612 569 648; x_wconf 91' lang='lat' dir='ltr'>mum</span> <span class='ocrx_word' id='word_1_15' title='bbox 615 592 687 645; x_wconf 92' lang='lat' dir='ltr'>ad</span> <span class='ocrx_word' id='word_1_16' title='bbox 736 590 858 643; x_wconf 85' lang='lat' dir='ltr'>haec</span> <span class='ocrx_word' id='word_1_17' title='bbox 897 589 1181 641; x_wconf 87' lang='lat' dir='ltr'>exaranda</span> <span class='ocrx_word' id='word_1_18' title='bbox 1228 596 1347 642; x_wconf 89' lang='lat' dir='ltr'>tarn</span> <span class='ocrx_word' id='word_1_19' title='bbox 1388 589 1718 657; x_wconf 90' lang='lat' dir='ltr'>simpliciter</span> <span class='ocrx_word' id='word_1_20' title='bbox 1755 609 1822 645; x_wconf 91' lang='lat' dir='ltr'>ac</span> <span class='ocrx_word' id='word_1_21' title='bbox 1862 592 2030 655; x_wconf 92' lang='lat' dir='ltr'>nude,</span> 
     </span>
     <span class='ocr_line' id='line_1_4' title="bbox 413 676 2054 751; baseline -0.002 -16"><span class='ocrx_word' id='word_1_22' title='bbox 413 699 601 751; x_wconf 90' lang='lat' dir='ltr'>quam,</span> <span class='ocrx_word' id='word_1_23' title='bbox 649 677 821 733; x_wconf 91' lang='lat' dir='ltr'>divini</span> <span class='ocrx_word' id='word_1_24' title='bbox 870 676 1115 745; x_wconf 86' lang='lat' dir='ltr'><strong>Spiritus</strong></span> <span class='ocrx_word' id='word_1_25' title='bbox 1159 676 1459 746; x_wconf 90' lang='lat' dir='ltr'>implorata</span> <span class='ocrx_word' id='word_1_26' title='bbox 1510 676 1650 740; x_wconf 92' lang='lat' dir='ltr'>luce,</span> <span class='ocrx_word' id='word_1_27' title='bbox 1705 676 1855 731; x_wconf 90' lang='lat' dir='ltr'>sensi</span> <span class='ocrx_word' id='word_1_28' title='bbox 1908 678 2054 747; x_wconf 77' lang='lat' dir='ltr'>ejusv</span> 
     </span>
     <span class='ocr_line' id='line_1_5' title="bbox 410 763 2027 835; baseline -0.001 -15"><span class='ocrx_word' id='word_1_29' title='bbox 410 766 712 835; x_wconf 88' lang='lat' dir='ltr'>impulsum</span> <span class='ocrx_word' id='word_1_30' title='bbox 765 763 1100 817; x_wconf 80' lang='lat' dir='ltr'>incitantem</span> <span class='ocrx_word' id='word_1_31' title='bbox 1147 764 1218 817; x_wconf 91' lang='lat' dir='ltr'>ad</span> <span class='ocrx_word' id='word_1_32' title='bbox 1264 764 1588 818; x_wconf 92' lang='lat' dir='ltr'>audendum</span> <span class='ocrx_word' id='word_1_33' title='bbox 1635 764 1738 817; x_wconf 91' lang='lat' dir='ltr'>tibi</span> <span class='ocrx_word' id='word_1_34' title='bbox 1785 765 2027 818; x_wconf 89' lang='lat' dir='ltr'>scribere</span> 
     </span>
     <span class='ocr_line' id='line_1_6' title="bbox 407 848 2028 924; baseline 0 -16"><span class='ocrx_word' id='word_1_35' title='bbox 407 875 473 908; x_wconf 92' lang='lat' dir='ltr'>eo</span> <span class='ocrx_word' id='word_1_36' title='bbox 520 852 664 924; x_wconf 90' lang='lat' dir='ltr'>stylo</span> <span class='ocrx_word' id='word_1_37' title='bbox 711 871 823 921; x_wconf 90' lang='lat' dir='ltr'>quo</span> <span class='ocrx_word' id='word_1_38' title='bbox 876 870 1005 904; x_wconf 91' lang='lat' dir='ltr'>cum</span> <span class='ocrx_word' id='word_1_39' title='bbox 1058 848 1339 919; x_wconf 82' lang='lat' dir='ltr'>perfectiS,</span> <span class='ocrx_word' id='word_1_40' title='bbox 1386 857 1441 905; x_wconf 91' lang='lat' dir='ltr'>et</span> <span class='ocrx_word' id='word_1_41' title='bbox 1489 849 1880 906; x_wconf 84' lang='lat' dir='ltr'>inchoantium</span> <span class='ocrx_word' id='word_1_42' title='bbox 1930 859 2028 908; x_wconf 89' lang='lat' dir='ltr'>aut</span> 
     </span>
     <span class='ocr_line' id='line_1_7' title="bbox 404 937 2023 1015; baseline -0.002 -18"><span class='ocrx_word' id='word_1_43' title='bbox 404 960 601 1015; x_wconf 88' lang='lat' dir='ltr'>parum</span> <span class='ocrx_word' id='word_1_44' title='bbox 634 949 1030 1012; x_wconf 88' lang='lat' dir='ltr'>provectorum</span> <span class='ocrx_word' id='word_1_45' title='bbox 1059 939 1380 992; x_wconf 82' lang='lat' dir='ltr'>debilitates</span> <span class='ocrx_word' id='word_1_46' title='bbox 1420 937 1814 1007; x_wconf 83' lang='lat' dir='ltr'>supergressiS,</span> <span class='ocrx_word' id='word_1_47' title='bbox 1856 957 2023 1008; x_wconf 87' lang='lat' dir='ltr'>agen-</span> 
     </span>
     <span class='ocr_line' id='line_1_8' title="bbox 404 1025 2020 1096; baseline -0.003 -12"><span class='ocrx_word' id='word_1_48' title='bbox 404 1031 536 1084; x_wconf 90' lang='lat' dir='ltr'>dum</span> <span class='ocrx_word' id='word_1_49' title='bbox 595 1036 697 1082; x_wconf 85' lang='lat' dir='ltr'>est.</span> <span class='ocrx_word' id='word_1_50' title='bbox 775 1029 856 1080; x_wconf 90' lang='lat' dir='ltr'>Ac</span> <span class='ocrx_word' id='word_1_51' title='bbox 915 1028 1185 1096; x_wconf 88' lang='lat' dir='ltr'>quoniam</span> <span class='ocrx_word' id='word_1_52' title='bbox 1243 1045 1343 1096; x_wconf 91' lang='lat' dir='ltr'>per</span> <span class='ocrx_word' id='word_1_53' title='bbox 1408 1026 1515 1077; x_wconf 90' lang='lat' dir='ltr'>Dei</span> <span class='ocrx_word' id='word_1_54' title='bbox 1573 1025 2020 1079; x_wconf 89' lang='lat' dir='ltr'>misericordiam</span> 
     </span>
     <span class='ocr_line' id='line_1_9' title="bbox 403 1113 2019 1183; baseline -0.002 -14"><span class='ocrx_word' id='word_1_55' title='bbox 403 1116 514 1169; x_wconf 90' lang='lat' dir='ltr'>cito</span> <span class='ocrx_word' id='word_1_56' title='bbox 544 1115 600 1167; x_wconf 92' lang='lat' dir='ltr'>in</span> <span class='ocrx_word' id='word_1_57' title='bbox 636 1113 811 1183; x_wconf 85' lang='lat' dir='ltr'>gloria</span> <span class='ocrx_word' id='word_1_58' title='bbox 850 1113 1095 1182; x_wconf 81' lang='lat' dir='ltr'>paradisi</span> <span class='ocrx_word' id='word_1_59' title='bbox 1135 1114 1453 1167; x_wconf 88' lang='lat' dir='ltr'>videbimus</span> <span class='ocrx_word' id='word_1_60' title='bbox 1493 1113 1754 1176; x_wconf 85' lang='lat' dir='ltr'>invicem,</span> <span class='ocrx_word' id='word_1_61' title='bbox 1784 1114 2019 1165; x_wconf 88' lang='lat' dir='ltr'>verbum</span> 
     </span>
     <span class='ocr_line' id='line_1_10' title="bbox 403 1201 2022 1267; baseline 0 -14"><span class='ocrx_word' id='word_1_62' title='bbox 403 1220 514 1253; x_wconf 94' lang='lat' dir='ltr'>non</span> <span class='ocrx_word' id='word_1_63' title='bbox 566 1201 773 1253; x_wconf 87' lang='lat' dir='ltr'>addam</span> <span class='ocrx_word' id='word_1_64' title='bbox 825 1207 1130 1267; x_wconf 83' lang='lat' dir='ltr'>postquam</span> <span class='ocrx_word' id='word_1_65' title='bbox 1177 1206 1232 1252; x_wconf 89' lang='lat' dir='ltr'>te</span> <span class='ocrx_word' id='word_1_66' title='bbox 1278 1216 1528 1263; x_wconf 86' lang='lat' dir='ltr'>oraverO,</span> <span class='ocrx_word' id='word_1_67' title='bbox 1578 1207 1638 1252; x_wconf 87' lang='lat' dir='ltr'>ut</span> <span class='ocrx_word' id='word_1_68' title='bbox 1693 1217 1912 1252; x_wconf 91' lang='lat' dir='ltr'>memor</span> <span class='ocrx_word' id='word_1_69' title='bbox 1956 1219 2022 1253; x_wconf 93' lang='lat' dir='ltr'>ac</span> 
     </span>
     <span class='ocr_line' id='line_1_11' title="bbox 402 1285 2019 1354; baseline 0 -15"><span class='ocrx_word' id='word_1_70' title='bbox 402 1295 666 1354; x_wconf 89' lang='lat' dir='ltr'>reputans</span> <span class='ocrx_word' id='word_1_71' title='bbox 714 1292 929 1353; x_wconf 91' lang='lat' dir='ltr'>quanto</span> <span class='ocrx_word' id='word_1_72' title='bbox 976 1285 1057 1336; x_wconf 90' lang='lat' dir='ltr'>tui</span> <span class='ocrx_word' id='word_1_73' title='bbox 1104 1303 1314 1347; x_wconf 90' lang='lat' dir='ltr'>amore,</span> <span class='ocrx_word' id='word_1_74' title='bbox 1363 1285 1523 1353; x_wconf 89' lang='lat' dir='ltr'>cujus</span> <span class='ocrx_word' id='word_1_75' title='bbox 1569 1292 1777 1338; x_wconf 91' lang='lat' dir='ltr'>testem</span> <span class='ocrx_word' id='word_1_76' title='bbox 1832 1287 2019 1339; x_wconf 91' lang='lat' dir='ltr'>Deum</span> 
     </span>
     <span class='ocr_line' id='line_1_12' title="bbox 400 1371 2021 1440; baseline -0.001 -16"><span class='ocrx_word' id='word_1_77' title='bbox 400 1371 596 1435; x_wconf 85' lang='lat' dir='ltr'>habeO,</span> <span class='ocrx_word' id='word_1_78' title='bbox 651 1371 753 1424; x_wconf 93' lang='lat' dir='ltr'>has</span> <span class='ocrx_word' id='word_1_79' title='bbox 806 1372 877 1423; x_wconf 91' lang='lat' dir='ltr'>ad</span> <span class='ocrx_word' id='word_1_80' title='bbox 931 1379 987 1423; x_wconf 89' lang='lat' dir='ltr'>te</span> <span class='ocrx_word' id='word_1_81' title='bbox 1040 1371 1256 1423; x_wconf 87' lang='lat' dir='ltr'>litteras</span> <span class='ocrx_word' id='word_1_82' title='bbox 1309 1371 1581 1434; x_wconf 87' lang='lat' dir='ltr'>dederim,</span> <span class='ocrx_word' id='word_1_83' title='bbox 1634 1371 1756 1440; x_wconf 89' lang='lat' dir='ltr'>pari</span> <span class='ocrx_word' id='word_1_84' title='bbox 1810 1379 1870 1423; x_wconf 89' lang='lat' dir='ltr'>tu</span> <span class='ocrx_word' id='word_1_85' title='bbox 1925 1390 2021 1423; x_wconf 91' lang='lat' dir='ltr'>eas</span> 
     </span>
     <span class='ocr_line' id='line_1_13' title="bbox 400 1457 2019 1526; baseline 0 -16"><span class='ocrx_word' id='word_1_86' title='bbox 400 1457 674 1510; x_wconf 90' lang='lat' dir='ltr'>suavitate</span> <span class='ocrx_word' id='word_1_87' title='bbox 727 1457 907 1511; x_wconf 88' lang='lat' dir='ltr'>mutui</span> <span class='ocrx_word' id='word_1_88' title='bbox 955 1457 1189 1512; x_wconf 84' lang='lat' dir='ltr'>affectus</span> <span class='ocrx_word' id='word_1_89' title='bbox 1241 1458 1505 1526; x_wconf 83' lang='lat' dir='ltr'>excipias,</span> <span class='ocrx_word' id='word_1_90' title='bbox 1560 1457 1695 1510; x_wconf 88' lang='lat' dir='ltr'>illud</span> <span class='ocrx_word' id='word_1_91' title='bbox 1749 1458 1900 1511; x_wconf 91' lang='lat' dir='ltr'>idem</span> <span class='ocrx_word' id='word_1_92' title='bbox 1947 1459 2019 1510; x_wconf 90' lang='lat' dir='ltr'>le-</span> 
     </span>
     <span class='ocr_line' id='line_1_14' title="bbox 398 1541 2019 1613; baseline 0.002 -17"><span class='ocrx_word' id='word_1_93' title='bbox 398 1546 579 1613; x_wconf 87' lang='lat' dir='ltr'>gendo</span> <span class='ocrx_word' id='word_1_94' title='bbox 619 1552 884 1612; x_wconf 88' lang='lat' dir='ltr'>spectans</span> <span class='ocrx_word' id='word_1_95' title='bbox 912 1545 1064 1612; x_wconf 90' lang='lat' dir='ltr'>quod</span> <span class='ocrx_word' id='word_1_96' title='bbox 1104 1563 1207 1613; x_wconf 83' lang='lat' dir='ltr'>ego</span> <span class='ocrx_word' id='word_1_97' title='bbox 1248 1544 1547 1597; x_wconf 88' lang='lat' dir='ltr'>scribendo</span> <span class='ocrx_word' id='word_1_98' title='bbox 1588 1541 1865 1609; x_wconf 85' lang='lat' dir='ltr'>intuebar,</span> <span class='ocrx_word' id='word_1_99' title='bbox 1911 1545 2019 1599; x_wconf 91' lang='lat' dir='ltr'>Dei</span> 
     </span>
     <span class='ocr_line' id='line_1_15' title="bbox 403 1631 2017 1700; baseline 0.002 -18"><span class='ocrx_word' id='word_1_100' title='bbox 403 1631 632 1683; x_wconf 91' lang='lat' dir='ltr'>Domini</span> <span class='ocrx_word' id='word_1_101' title='bbox 691 1632 869 1684; x_wconf 90' lang='lat' dir='ltr'>nostri</span> <span class='ocrx_word' id='word_1_102' title='bbox 929 1633 1203 1700; x_wconf 89' lang='lat' dir='ltr'>majorem</span> <span class='ocrx_word' id='word_1_103' title='bbox 1257 1632 1511 1700; x_wconf 88' lang='lat' dir='ltr'>gloriam,</span> <span class='ocrx_word' id='word_1_104' title='bbox 1570 1639 1625 1684; x_wconf 89' lang='lat' dir='ltr'>et</span> <span class='ocrx_word' id='word_1_105' title='bbox 1682 1633 1865 1700; x_wconf 91' lang='lat' dir='ltr'>majus</span> <span class='ocrx_word' id='word_1_106' title='bbox 1920 1633 2017 1685; x_wconf 91' lang='lat' dir='ltr'>bo-</span> 
     </span>
     <span class='ocr_line' id='line_1_16' title="bbox 401 1718 1666 1772; baseline 0.002 -3"><span class='ocrx_word' id='word_1_107' title='bbox 401 1735 533 1769; x_wconf 90' lang='lat' dir='ltr'>num</span> <span class='ocrx_word' id='word_1_108' title='bbox 562 1719 765 1771; x_wconf 88' lang='lat' dir='ltr'>animae</span> <span class='ocrx_word' id='word_1_109' title='bbox 793 1728 906 1771; x_wconf 87' lang='lat' dir='ltr'>tuae</span> <span class='ocrx_word' id='word_1_110' title='bbox 936 1719 1074 1770; x_wconf 91' lang='lat' dir='ltr'>mihi</span> <span class='ocrx_word' id='word_1_111' title='bbox 1103 1719 1428 1772; x_wconf 80' lang='lat' dir='ltr'>carissimae.</span> <span class='ocrx_word' id='word_1_112' title='bbox 1507 1718 1666 1772; x_wconf 88' lang='lat' dir='ltr'>Vale.</span> 
     </span>
    </p>

    <p class='ocr_par' dir='ltr' id='par_1_3' title="bbox 403 1805 2026 1962">
     <span class='ocr_line' id='line_1_17' title="bbox 475 1805 2026 1875; baseline 0.004 -20"><span class='ocrx_word' id='word_1_113' title='bbox 475 1807 561 1856; x_wconf 85' lang='lat' dir='ltr'>Ex</span> <span class='ocrx_word' id='word_1_114' title='bbox 603 1805 711 1858; x_wconf 93' lang='lat' dir='ltr'>hoc</span> <span class='ocrx_word' id='word_1_115' title='bbox 754 1808 958 1859; x_wconf 89' lang='lat' dir='ltr'>Goano</span> <span class='ocrx_word' id='word_1_116' title='bbox 1004 1806 1255 1875; x_wconf 88' lang='lat' dir='ltr'>Collegio</span> <span class='ocrx_word' id='word_1_117' title='bbox 1302 1808 1508 1859; x_wconf 68' lang='lat' dir='ltr'>Sanctae</span> <span class='ocrx_word' id='word_1_118' title='bbox 1550 1807 1725 1871; x_wconf 75' lang='lat' dir='ltr'>Fidei,</span> <span class='ocrx_word' id='word_1_119' title='bbox 1756 1808 1861 1860; x_wconf 91' lang='lat' dir='ltr'>XI.</span> <span class='ocrx_word' id='word_1_120' title='bbox 1917 1809 2026 1861; x_wconf 89' lang='lat' dir='ltr'>Ka-</span> 
     </span>
     <span class='ocr_line' id='line_1_18' title="bbox 403 1890 1351 1962; baseline 0.002 -19"><span class='ocrx_word' id='word_1_121' title='bbox 403 1890 580 1944; x_wconf 91' lang='lat' dir='ltr'>lendis</span> <span class='ocrx_word' id='word_1_122' title='bbox 620 1892 827 1962; x_wconf 90' lang='lat' dir='ltr'>Aprilis</span> <span class='ocrx_word' id='word_1_123' title='bbox 884 1895 1050 1944; x_wconf 92' lang='lat' dir='ltr'>Anno</span> <span class='ocrx_word' id='word_1_124' title='bbox 1093 1895 1351 1945; x_wconf 91' lang='lat' dir='ltr'>MDLII.</span> 
     </span>
    </p>

    <p class='ocr_par' dir='ltr' id='par_1_4' title="bbox 471 1979 2010 2049">
     <span class='ocr_line' id='line_1_19' title="bbox 471 1979 2010 2049; baseline 0 -18"><span class='ocrx_word' id='word_1_125' title='bbox 471 1979 636 2032; x_wconf 88' lang='lat' dir='ltr'>Hanc</span> <span class='ocrx_word' id='word_1_126' title='bbox 679 1980 978 2048; x_wconf 89' lang='lat' dir='ltr'>epistolam</span> <span class='ocrx_word' id='word_1_127' title='bbox 1029 1981 1296 2033; x_wconf 91' lang='lat' dir='ltr'>ostendes</span> <span class='ocrx_word' id='word_1_128' title='bbox 1345 1980 1577 2032; x_wconf 92' lang='lat' dir='ltr'>domino</span> <span class='ocrx_word' id='word_1_129' title='bbox 1617 1981 2010 2049; x_wconf 88' lang='lat' dir='ltr'>proepiscopo.</span> 
     </span>
    </p>
   </div>
   <div class='ocr_carea' id='block_1_3' title="bbox 539 2153 1330 2208">
    <p class='ocr_par' dir='ltr' id='par_1_5' title="bbox 539 2153 1330 2208">
     <span class='ocr_line' id='line_1_20' title="bbox 539 2153 1330 2208; baseline 0.003 -4"><span class='ocrx_word' id='word_1_130' title='bbox 539 2153 696 2205; x_wconf 90' lang='lat' dir='ltr'>Tuus</span> <span class='ocrx_word' id='word_1_131' title='bbox 736 2153 793 2205; x_wconf 94' lang='lat' dir='ltr'>in</span> <span class='ocrx_word' id='word_1_132' title='bbox 835 2153 1066 2207; x_wconf 85' lang='lat' dir='ltr'>Christo</span> <span class='ocrx_word' id='word_1_133' title='bbox 1112 2156 1330 2208; x_wconf 90' lang='lat' dir='ltr'>Frater.</span> 
     </span>
    </p>
   </div>
   <div class='ocr_carea' id='block_1_4' title="bbox 1544 2330 1944 2382">
    <p class='ocr_par' dir='ltr' id='par_1_6' title="bbox 1544 2330 1944 2382">
     <span class='ocr_line' id='line_1_21' title="bbox 1544 2330 1944 2382; baseline 0 -1"><span class='ocrx_word' id='word_1_134' title='bbox 1544 2330 1944 2382; x_wconf 83' lang='lat' dir='ltr'><strong>FRANCISCUS.</strong></span> 
     </span>
    </p>
   </div>
   <div class='ocr_carea' id='block_1_5' title="bbox 0 0 2639 3798">
    <p class='ocr_par' dir='ltr' id='par_1_7' title="bbox 0 0 2639 3798">
     <span class='ocr_line' id='line_1_22' title="bbox 0 0 2639 3798; baseline 0 19"><span class='ocrx_word' id='word_1_135' title='bbox 0 0 2639 3798; x_wconf 95' lang='lat' dir='ltr'> </span> 
     </span>
    </p>
   </div>
  </div>
 </body>
</html>
