2712 3754
686 479 756 544 66
1058 496 1242 544 LIBER
1279 497 1763 545 v1.-E1‘³1sToLA
1800 502 1927 544 vm.

688 639 924 696 ditionis
959 650 1168 711 parteS,
1211 643 1277 696 iis
1311 642 1677 697 committant
1718 661 1956 712 quorum
1996 641 2304 697 existimari

686 728 898 782 similes
945 728 1248 783 honestum
1295 731 1433 799 ipsis
1478 730 1579 792 sit3
1638 749 1893 800 quosque
1937 728 2129 799 populi
2173 747 2302 782 cum

683 815 946 880 viderint,
1005 834 1248 886 cumque
1306 817 1496 881 fidem,
1554 818 1910 886 gravitatem,
1975 818 2302 886 aequitatem

683 901 934 972 ipsorum
998 922 1099 957 usu
1160 903 1568 973 perspexerint,
1632 903 1820 957 studio
1884 902 2127 974 amplexi
2188 901 2301 957 fue-

685 989 818 1054 rint,
896 1007 1218 1059 expressam
1290 990 1530 1060 effigiem
1600 990 1829 1045 laudum
1901 1008 1967 1044 ac
2033 991 2301 1044 decorum

680 1075 952 1144 principis
1009 1075 1280 1140 absentie,
1333 1076 1389 1129 in
1431 1076 1807 1145 praesentibus
1863 1077 1933 1130 ab
1990 1094 2058 1130 eo
2114 1075 2302 1131 missis

681 1164 803 1234 ejus
873 1164 1098 1217 vicariis
1150 1173 1407 1235 spectare
1459 1164 1564 1216 sibi
1616 1185 1683 1216 ac
1734 1174 1927 1217 tenere
1981 1163 2298 1216 videantur.

756 1252 979 1306 Horum
1032 1252 1101 1306 de
1158 1268 1395 1306 numero
1451 1269 1517 1306 ac
1573 1268 1776 1321 genere
1832 1252 2050 1321 optimo
2106 1251 2297 1304 minis-

678 1346 914 1402 trorum,
968 1338 1064 1408 qui
1121 1357 1405 1391 summam
1463 1338 1569 1392 sibi
1625 1337 1908 1392 felicitatis
1964 1344 2186 1407 ponunt
2240 1336 2298 1390 in

678 1424 926 1492 perfecte
980 1425 1349 1494 obsequendo
1400 1424 1516 1493 regi
1569 1443 1689 1489 su0,
1741 1424 1828 1478 vel
1880 1423 2157 1493 imprimis
2213 1429 2299 1477 est

680 1510 927 1564 Duartes
1004 1512 1293 1575 Barretus,
1371 1510 1479 1563 hoc
1550 1511 1781 1564 nomine
1851 1511 2054 1580 dignus
2129 1527 2296 1580 quem

680 1596 953 1664 majestas
1008 1605 1107 1649 tua
1163 1616 1221 1649 re
1273 1616 1339 1650 ac
1391 1596 1666 1665 dignitate
1718 1604 1947 1650 auctum
1999 1595 2150 1660 velit,
2203 1614 2296 1649 cu-

673 1681 898 1750 jusque,
957 1682 1030 1734 ob
1088 1682 1306 1750 egregie
1362 1682 1464 1734 tibi
1525 1702 1590 1735 ac
1650 1682 1970 1751 reipublicae
2030 1689 2295 1736 navatam

677 1785 928 1836 operam,
984 1768 1382 1821 remunerandi
1436 1770 1770 1837 quaerendas
1823 1768 2152 1821 occasiones
2194 1787 2294 1838 pu-

674 1861 780 1907 tes,
861 1856 949 1907 Ea
1001 1874 1127 1923 quae
1180 1855 1292 1908 dixi
1355 1863 1416 1908 ut
1481 1855 1708 1920 faceret,
1775 1854 2015 1909 multum
2079 1855 2156 1908 illi
2218 1855 2293 1908 la-

674 1940 876 1993 borum
954 1939 1359 1994 exantlandum
1436 1939 1558 2004 fuit,
1637 1940 1829 1994 multae
1904 1943 2060 2010 (quae
2130 1939 2294 2010 copia

675 2026 767 2079 hic
820 2028 1205 2097 improborum
1260 2031 1376 2091 est)
1442 2027 1839 2080 contentiones
1900 2027 2291 2096 suscipiendae,

674 2113 1057 2183 certandaque
1110 2113 1439 2168 certamina.
2087 2107 2090 2109 ⁵

747 2202 868 2255 Nec
924 2201 1191 2270 imputari
1251 2208 1440 2270 potest
1501 2201 1559 2253 in
1620 2200 1807 2254 locum
1870 2201 2088 2254 idoneae
2148 2218 2290 2254 mer-

671 2288 826 2342 cedis
876 2305 979 2356 pro
1050 2287 1244 2340 sedula
1300 2287 1592 2356 diligentia
1647 2295 1733 2340 tot
1794 2305 2093 2350 annorum,
2151 2306 2289 2357 prae-

670 2373 905 2438 sectura,
993 2375 1153 2443 cujus
1239 2374 1489 2437 memini,
1577 2373 1932 2428 Malacensis.
2038 2374 2288 2429 Primum

671 2461 803 2531 quia
859 2479 993 2515 casu
1057 2461 1303 2530 quodam
1368 2460 1580 2515 factum
1647 2467 1731 2514 est
1795 2468 1855 2514 ut
1919 2478 2117 2530 parum
2181 2460 2288 2530 ipsi

670 2557 996 2620 quaestuosa
1047 2548 1208 2612 foret,
1269 2548 1473 2601 deinde
1537 2548 1668 2617 quia
1730 2555 1957 2617 tempus
2020 2548 2141 2617 ejus
2203 2556 2287 2601 to-

601 2706 605 2711 .
670 2646 793 2691 tum
861 2637 1082 2707 explere
1153 2654 1266 2691 non
1336 2635 1521 2706 potuit
1536 2654 1549 2698 3
1631 2654 1804 2706 quare
1874 2635 2005 2690 hinc
2074 2654 2289 2707 pauper

669 2725 929 2779 discedit.
1010 2725 1278 2795 Dignare,
1333 2724 1579 2788 domine,
1634 2724 1682 2777 ei
1735 2724 2044 2789 consulere,
2092 2725 2285 2795 utique

667 2811 885 2865 homini
962 2811 1323 2882 quantamvis
1392 2830 1425 2864 a
1495 2811 1793 2880 majestate
1869 2819 1968 2865 tua
2042 2812 2283 2882 gratiam

667 2898 890 2953 meritO.
1590 2972 1592 2975 ι

739 2986 1027 3056 Adjungat
1075 2988 1284 3056 *precor
1341 2987 1497 3038 Deus
1556 2986 1838 3039 Dominus
1896 2994 2090 3040 noster
2145 2986 2283 3040 mul-

665 3081 756 3126 tos
813 3091 994 3125 annos
1051 3074 1121 3125 ad
1180 3072 1356 3126 vitam
1413 3072 1710 3125 florentem
1769 3080 1824 3125 et
1885 3072 2105 3126 felicem
2166 3091 2282 3126 ma-

657 3157 884 3227 jestatis
934 3167 1066 3221 tuae,
1121 3159 1510 3226 concedatque
1561 3177 1661 3226 per
1712 3177 1872 3212 suam
1920 3159 2281 3213 clementiam

663 3244 785 3308 tibi,
859 3254 918 3298 ut
989 3245 1046 3298 in
1117 3245 1222 3299 hac
1292 3245 1409 3298 vita
1479 3264 1790 3313 cognoscas
1861 3246 2280 3300 sanctissimam
