2639 3798
646 363 830 402 LIBER
869 363 943 401 ῙΧ.
965 379 1037 386 -
1058 363 1350 403 EPISTOLA
1390 364 1504 403 XVI.
1783 365 1884 418 411

265 495 512 564 quodam
574 514 727 559 casu,
791 513 1077 547 summum
1144 514 1333 547 meum
1398 496 1647 549 amicum
1711 497 1886 548 Fran-

265 583 479 637 ciscum
520 583 803 637 Pereriam
842 583 911 637 de
951 582 1214 636 Miranda
1252 584 1423 637 modo
1462 583 1650 647 audio,
1694 582 1887 637 dolore

267 688 395 721 meo
441 687 576 721 sane
622 668 890 721 maximo.

339 756 536 809 Sentio
564 756 715 808 enim
754 762 809 808 et
842 755 1226 825 nequidquam
1261 763 1454 825 gratus
1487 756 1675 809 recolo
1711 774 1886 827 quan-

264 851 386 896 tum
423 842 500 894 illi
537 842 658 894 viro
698 841 955 904 debeam,
997 842 1069 894 ob
1110 841 1289 895 multa
1330 860 1650 911 magnaque
1688 842 1887 896 huma-

265 928 497 982 nissime
550 928 713 981 nobis
764 928 1022 996 impensa
1073 927 1257 981 officia
1309 935 1363 981 et
1410 929 1704 993 beneficia,
1758 947 1887 983 cum

268 1017 501 1069 Firandi
548 1017 699 1085 apud
744 1018 1027 1087 Japonem
1073 1033 1186 1068 una
1231 1016 1528 1069 nobiscum
1575 1025 1743 1080 esset,
1791 1016 1885 1069 ha-

263 1105 405 1157 bens
437 1120 629 1158 secum
664 1118 1026 1156 numerosam
1062 1102 1356 1167 comitum,
1391 1103 1595 1172 quibus
1627 1111 1888 1172 praeerat,

265 1189 477 1259 pariter
521 1189 922 1242 benevolorum
966 1206 1218 1241 manum.

340 1278 591 1330 Litteras
627 1294 769 1345 quas
805 1276 1071 1328 dominus
1107 1283 1318 1344 praetor
1358 1277 1536 1329 Indiae
1573 1277 1689 1345 regi
1728 1277 1888 1329 Sina-

266 1384 390 1418 rum
442 1385 475 1417 a
518 1374 575 1417 te
621 1363 939 1416 reddendas
985 1363 1237 1425 dederat,
1285 1363 1617 1432 imprudens
1663 1382 1886 1416 mecum

266 1454 377 1506 huc
421 1453 542 1506 tuli.
623 1454 740 1504 Eas
790 1452 861 1504 ad
913 1459 970 1504 te
1023 1468 1151 1503 cum
1197 1450 1285 1503 his
1338 1451 1586 1505 remitto.

342 1542 555 1594 Iterum
593 1558 747 1609 rog0,
778 1558 866 1604 ne,
896 1539 1143 1602 domine,
1173 1556 1403 1607 gravere
1438 1538 1655 1593 litteras
1696 1540 1770 1593 ad
1798 1557 1890 1594 me

266 1626 323 1679 in
355 1644 591 1695 regnum
622 1625 811 1679 Sionis
839 1626 999 1687 dare;
1039 1642 1171 1678 nam
1204 1623 1388 1693 plane,
1419 1633 1480 1679 ut
1511 1626 1632 1694 jam
1670 1626 1881 1696 signifi-

267 1714 407 1778 cavi,
438 1722 654 1767 certum
691 1713 827 1765 mihi
860 1721 963 1776 est,
993 1713 1039 1765 si
1076 1731 1204 1781 spes
1244 1713 1425 1781 (quod
1453 1713 1630 1777 absit)
1669 1732 1703 1765 a
1738 1733 1880 1767 mer-

267 1808 458 1853 catore
508 1800 645 1852 Sina
696 1806 1075 1861 evanesceret,
1130 1799 1187 1851 in
1234 1817 1469 1867 regnum
1518 1800 1708 1852 Sionis
1759 1807 1881 1853 ten-

267 1889 416 1951 dere,
453 1896 509 1940 et
545 1887 696 1939 viam
734 1886 886 1939 illam
929 1886 1262 1955 penetrandi
1304 1887 1378 1939 ad
1420 1886 1588 1939 Sinas
1629 1895 1880 1949 tentare3

266 1992 437 2043 quam
491 1974 536 2026 si
589 1974 790 2027 saltem
836 1973 1125 2026 fortunare
1167 1974 1323 2025 Deus
1361 1973 1643 2026 Dominus
1691 1982 1884 2047 noster

268 2060 610 2131 dignabitur,
662 2061 755 2114 ibo
810 2068 1200 2130 exspectatum
1256 2068 1313 2114 te
1371 2060 1583 2115 scilicet
1632 2061 1689 2115 in
1753 2063 1881 2117 aula

268 2149 413 2218 regis
461 2148 744 2211 Sinarum,
794 2147 902 2199 nisi
946 2148 1169 2200 vinctus
1217 2149 1478 2201 Cantone
1525 2149 1801 2203 detinear.

342 2235 614 2299 OmninO,
643 2234 897 2303 inquam,
937 2233 983 2286 si
1015 2252 1126 2303 qua
1160 2233 1296 2286 mihi
1330 2234 1576 2303 propitio
1606 2236 1892 2305 Superum

269 2321 458 2373 favore
500 2321 782 2388 pandetur
826 2320 1071 2372 adeundi
1116 2319 1281 2371 Sinas
1326 2320 1435 2382 via,
1483 2320 1540 2372 in
1586 2321 1765 2374 altero
1812 2323 1892 2376 di-

268 2410 719 2463 versissimorum
766 2408 912 2461 inter
957 2426 1016 2460 se
1062 2408 1333 2471 locorum,
1384 2408 1893 2465 dissimillimarum

268 2497 399 2552 vitae
452 2495 845 2551 conditionum
900 2513 966 2548 ac
1019 2502 1271 2548 statuum
1325 2512 1415 2548 me
1468 2495 1731 2565 reperies,
1795 2505 1892 2552 aut

270 2586 555 2654 captivum
590 2585 646 2636 in
681 2584 1036 2637 Cantonensi
1071 2601 1311 2646 carcere,
1347 2592 1444 2636 aut
1480 2584 1712 2637 Pechini
1754 2590 1895 2656 (qua

270 2673 326 2725 in
379 2672 516 2725 urbe
568 2670 907 2724 commorari
960 2688 1148 2737 regem
1198 2670 1461 2722 Sinarum
1517 2671 1706 2736 aiunt)
1763 2691 1893 2741 ope-

270 2762 508 2812 rientem
552 2760 861 2810 adventum
904 2767 1085 2819 tuum,
1133 2767 1187 2808 et
1231 2758 1392 2825 quasi
1437 2759 1895 2811 anteambulonis

270 2854 365 2899 aut
414 2844 708 2899 metatoris
753 2845 835 2897 tui
882 2843 1037 2912 fungi
1085 2844 1267 2897 officio
1313 2852 1637 2897 conantem.

343 2933 594 2986 Verbum
629 2950 742 2984 non
776 2932 1005 2994 addam,
1039 2938 1342 2999 postquam
1380 2949 1498 2983 rem
1537 2932 1895 3002 verissimam

270 3022 640 3084 affirmavem,
669 3027 834 3074 tanto
863 3037 953 3072 me
985 3018 1163 3072 teneri
1193 3018 1474 3072 desiderio
1510 3018 1723 3073 sciendi
1758 3019 1893 3089 quid

271 3125 423 3175 agaS,
479 3115 539 3160 ut
592 3105 797 3169 valeaS‚
853 3123 965 3174 quo
1010 3105 1135 3157 loco
1182 3123 1269 3158 res
1323 3114 1377 3158 et
1425 3124 1552 3176 spes
1599 3114 1711 3161 tuae
1759 3106 1892 3171 sint,
