2639 3798
619 387 806 427 LIBER
842 387 949 427 vn.
968 401 1042 411 -
1061 386 1356 426 EPISTOLA
1394 387 1472 427 lv.
1749 385 1853 442 115

236 537 326 601 <ut
379 530 607 586 aiebant
668 530 1089 600 credebantque
1148 530 1426 595 barbari),
1488 530 1661 585 modo
1720 530 1853 585 laeta

232 621 402 678 modo
446 619 633 674 tristia
678 618 1079 673 reddebantur.

302 710 550 763 Centum
579 726 611 760 a
642 706 864 760 Malaca
902 696 1091 759 leucas
1139 706 1307 760 Sinas
1344 723 1540 760 versus
1578 706 1852 776 provecti,

231 794 535 867 quamdam
583 795 655 847 ad
702 793 944 846 insulam
992 793 1282 856 stetimus;
1342 792 1532 863 ibique
1583 795 1855 848 adversus

233 882 403 937 maris
445 881 592 933 illius
634 880 912 933 saevitiam
955 880 1249 933 navalibus
1290 880 1688 949 instrumentis
1720 880 1853 935 alia-

232 986 337 1040 que
383 967 622 1020 materia
667 974 1017 1035 comparata,
1064 974 1194 1034 post
1241 966 1450 1018 multas
1495 966 1855 1020 caerimonias

232 1063 285 1111 et
337 1054 630 1118 sacrificia,
690 1053 993 1123 quaesitum
1051 1061 1136 1105 est
1188 1053 1259 1105 ab
1311 1052 1463 1105 idolo
1523 1071 1855 1123 prosperam

232 1141 497 1209 deinceps
535 1139 824 1193 fortunam
865 1157 1119 1192 essemus
1146 1138 1393 1192 habituri
1428 1157 1628 1193 necne.
1705 1141 1854 1194 Cum

230 1228 389 1282 valde
428 1243 770 1296 prosperam
818 1225 1224 1294 respondisset,
1271 1224 1509 1295 proinde
1556 1244 1628 1279 ne
1673 1243 1857 1279 mora-

231 1332 416 1369 remur
442 1313 672 1377 diutius,
742 1312 1072 1372 sustulimus
1113 1312 1412 1377 anchoraS,
1454 1312 1693 1383 velaque
1732 1330 1857 1382 gra·

229 1400 523 1457 tu-labundi
564 1399 803 1453 fecimus
845 1418 1072 1452 ornnes:
1114 1399 1209 1462 illi,
1255 1398 1578 1463 simulacre,
1608 1400 1762 1468 quod
1798 1397 1857 1452 in

230 1488 400 1557 puppi
445 1487 694 1541 locatum
742 1487 1106 1541 candelarum
1153 1487 1463 1539 luminibus
1515 1488 1855 1540 odoramen-

230 1576 410 1643 tisque
455 1593 522 1627 ex
573 1573 808 1627 incenso
859 1572 1013 1642 ligno
1065 1574 1314 1643 quodam
1367 1574 1635 1643 aquilano
1685 1592 1856 1628 vene·

230 1662 551 1724 rabantur3v
583 1678 687 1714 nos
741 1659 1040 1714 Conditori
1092 1660 1219 1714 coeli
1263 1667 1542 1730 terraeque
1600 1661 1745 1725 De0,
1793 1668 1851 1715 et

231 1750 347 1817 ejus
381 1749 496 1801 filio
534 1748 787 1800 Domino
817 1750 953 1818 Jesu
992 1747 1242 1812 Christo,
1279 1748 1499 1812 confisi,
1538 1748 1702 1818 cujus
1737 1746 1852 1802 cul·

230 1840 346 1887 tum
388 1832 830 1903 religionemque
872 1834 1256 1903 amplificandi
1298 1834 1489 1887 studio
1531 1834 1590 1887 in
1633 1853 1701 1887 ea
1726 1834 1854 1888 loca

232 1919 637 1974 deferebamus.

299 2008 445 2059 Cum
492 2007 613 2076 jam
667 2025 921 2059 essemus
973 2005 1031 2059 in
1083 2024 1269 2070 cursu,
1316 2006 1528 2075 placuit
1574 2007 1764 2062 nautis
1816 2025 1851 2062 a

232 2095 484 2148 daemone
526 2094 848 2165 percontari
890 2103 1081 2147 utrum
1119 2094 1297 2158 naviS‚
1336 2112 1449 2164 qua
1483 2092 1851 2159 vehebamur,

234 2181 511 2235 Malacam·
562 2190 711 2235 esset
762 2184 984 2253 Japone
1036 2182 1303 2234 reditura.
1380 2183 1529 2235 Cum
1575 2180 1633 2233 in
1675 2181 1850 2252 Japo-

231 2283 353 2319 nem
401 2267 630 2336 quidem
676 2275 1075 2336 perventuram
1122 2267 1357 2321 omnino
1402 2267 1652 2337 sortilegi
1701 2275 1851 2321 retu-

229 2348 438 2415 lissent,
492 2371 687 2405 verum
740 2372 807 2405 ex
856 2355 1079 2423 Japone
1135 2353 1416 2406 Malacam
1476 2353 1712 2407 minime
1763 2371 1847 2408 re-

229 2453 529 2503 versuram,
577 2451 700 2490 tum
745 2459 878 2490 vero
924 2440 1198 2492 institutae
1245 2438 1623 2506 navigationis
1667 2438 1847 2507 poeni-

229 2528 341 2576 tere
404 2526 674 2579 barbaros
739 2527 930 2596 coepit,
996 2528 1285 2596 satiusque
1338 2526 1407 2577 iis
1456 2524 1635 2578 videri
1691 2524 1846 2595 apud

232 2606 391 2664 Sinas
454 2609 723 2677 hiemare,
789 2619 844 2667 et
906 2613 1246 2685 Japonicam
1310 2611 1721 2683 profectionem
1785 2612 1846 2665 in
1892 2614 1894 2616 ’

229 2692 461 2751 alterum
502 2717 717 2753 annum
757 2698 996 2754 differre.
1077 2699 1287 2754 Noster
1324 2707 1517 2754 autem
1559 2699 1687 2770 quis
1725 2699 1846 2753 ani—

229 2796 366 2847 mus,
431 2786 558 2855 quis
619 2795 743 2839 tum
801 2795 950 2840 esset
1007 2785 1183 2850 dolor,
1244 2785 1493 2855 cogitare
1547 2785 1845 2841 vobiscum

228 2872 460 2934 potestis
506 2872 632 2943 ipsi,
680 2892 809 2926 cum
854 2874 924 2926 de
965 2863 1093 2926 tota
1133 2872 1351 2926 itineris
1396 2871 1577 2926 nostri
1623 2871 1847 2928 ratione

227 2957 612 3013 consuleretur
657 2961 903 3014 daemon.

297 3040 430 3097 Mox
473 3044 531 3098 in
577 3064 735 3099 oram
783 3055 948 3100 terrae
994 3064 1164 3117 quam
1213 3045 1587 3100 Cocincinam
1637 3053 1849 3100 vocant

227 3122 410 3194 delati,
464 3132 595 3198 du0‚
659 3151 774 3189 uno
834 3134 1150 3203 eodemque
1201 3133 1293 3187 die
1348 3133 1474 3204 (qui
1527 3133 1632 3188 fuit
1686 3134 1849 3187 Divae
