2665 3754
771 345 877 398 350
1109 347 1292 382 LIBER
1330 347 1457 382 VIII.
1481 361 1552 366 --
1573 346 1865 382 EPISTOLA
1903 346 2055 382 XXVI.

775 497 1075 534 numerum
1129 482 1383 549 pecuniae
1437 483 1493 534 in
1547 498 1869 550 expressam
1917 499 1950 533 a
2002 498 2092 533 me
2146 487 2393 540 contraxi

770 585 1076 631 summam,
1128 587 1238 636 qua
1285 568 1360 620 illi
1407 568 1572 637 longe
1625 569 1840 636 majore
1892 567 2238 636 indigerent3
2298 574 2390 627 sed

757 650 1253 723 *contemperanda
1325 657 1565 709 invicem
1642 657 2009 709 incommoda
2082 664 2231 709 sunt.
2308 660 2390 714 Tu

766 745 917 810 quod
966 764 1032 795 ex
1079 764 1242 812 aequo
1285 754 1339 796 et
1383 746 1534 796 bono
1576 746 1806 812 poteris,
1851 745 2191 796 consultrice
2234 742 2384 799 adhi-

765 828 883 880 bita
943 831 1207 898 prudenti
1261 831 1555 892 charitate,
1609 830 1855 898 primum
1907 830 2021 882 tuis
2077 829 2204 881 istic
2257 850 2382 885 con-

764 914 1072 968 victoribus
1127 925 1242 969 tam
1299 917 1588 970 Lusitanis
1641 934 1810 984 quam
1865 916 2147 985 indigenis
2193 934 2381 971 neces-

764 1001 910 1053 saria
955 1002 1214 1070 provide3
1263 1003 1468 1055 deinde
1514 1021 1707 1054 curam
1754 1002 1810 1053 in
1858 1002 2224 1064 Cocinenses,
2274 1003 2377 1056 Co-

763 1087 1043 1153 lanenseS,
1088 1089 1529 1144 Comorinenses
1571 1089 1829 1143 extende.

838 1178 1133 1229 Subducas
1178 1178 1249 1228 ad
1296 1185 1557 1229 exactum
1604 1176 1770 1228 velim
1818 1184 2094 1244 quantum
2148 1175 2377 1231 Alvarus

764 1262 1029 1317 Alfonsus
1075 1264 1167 1318 isti
1214 1264 1449 1334 collegio
1497 1264 1718 1317 debeat.
1798 1263 1942 1316 Vide
1988 1262 2159 1317 etiam
2208 1281 2374 1334 quan-

762 1359 884 1403 tum
925 1351 1000 1403 illi
1042 1351 1359 1404 remiserint
1400 1351 1565 1403 annis
1604 1359 1754 1403 retro
1794 1350 2000 1419 elapsis
2039 1359 2377 1419 praepostere

763 1437 991 1505 benigni
1023 1437 1353 1490 collectores
1391 1437 1750 1506 vectigalium
1798 1437 2045 1504 collegii3
2088 1455 2258 1505 quam
2299 1446 2377 1490 tu-

763 1530 822 1575 ta
862 1524 1229 1587 conscientia,
1261 1524 1365 1592 ipsi
1394 1523 1656 1576 viderint.
1736 1524 2061 1575 AEstuarem
2104 1524 2377 1592 equidem,

762 1610 807 1661 si
854 1612 1221 1678 repetendam
1268 1629 1300 1662 a
1348 1629 1437 1663 me
1489 1612 1794 1673 crederem,
1844 1618 1905 1662 ut
1951 1619 2108 1662 certo
2156 1612 2227 1662 ab
2279 1612 2381 1663 illis

762 1704 1064 1764 repetetur,
1100 1697 1380 1747 rationem
1422 1697 1583 1748 istius
1624 1696 1961 1748 inconsultae
2002 1696 2381 1765 indulgentiae,

761 1800 827 1834 ex
872 1801 982 1851 qua
1022 1784 1260 1852 contigit
1303 1784 1707 1837 incredibiliter
1747 1783 1979 1837 destitui
2022 1802 2129 1852 ope
2157 1784 2230 1836 ad
2269 1801 2386 1852 pro-

765 1873 1112 1923 movendum
1158 1873 1265 1923 Dei
1311 1892 1544 1940 regnum
1588 1871 1907 1924 necessaria
1950 1871 2007 1922 in
2053 1890 2151 1923 ora
2190 1872 2387 1924 Como-

767 1958 1001 2021 rinensi,
1051 1959 1253 2012 Colani
1296 1967 1351 2012 et
1406 1959 1623 2022 Cocini,
1674 1959 1960 2028 operarios
2021 1958 2386 2028 evangelicos.

769 2044 951 2112 Igitur
990 2046 1146 2099 effice
1186 2054 1247 2099 ut
1288 2054 1562 2115 quantum
1608 2046 1844 2098 omnino
1885 2047 2072 2109 debet,
2114 2044 2389 2113 persolvat

762 2131 819 2188 in
867 2131 1131 2195 solidum,
1181 2133 1262 2184 sic
1308 2132 1602 2185 habiturus
1650 2134 1800 2185 unde
1845 2140 1958 2185 tuae
2011 2132 2257 2200 primum
2301 2129 2388 2182 isti

763 2220 975 2282 domui,
1019 2227 1142 2273 tum
1186 2221 1306 2288 ejus
1349 2220 1757 2288 appendicibus
1808 2237 1948 2288 quas
1996 2220 2168 2271 modo
2216 2217 2387 2270 nomi·

762 2304 891 2357 navi
929 2305 1269 2358 stationibus
1306 2305 1588 2358 consulas.

833 2395 1019 2462 Quam
1065 2394 1136 2445 ad
1182 2412 1301 2445 rem
1355 2393 1528 2446 divini
1582 2392 1837 2463 obsequii
1884 2391 2263 2445 necessarium
2311 2389 2377 2442 sit

759 2481 1094 2548 temporalia
1134 2499 1256 2532 non·
1289 2481 1587 2549 negligere,
1617 2480 1793 2533 habes
1833 2480 2151 2548 exemplum
2193 2479 2249 2531 in
2277 2477 2378 2530 hoc

766 2586 892 2619 meo
932 2567 1132 2620 itinere
1172 2567 1319 2619 tanti
1360 2568 1431 2619 ad
1475 2567 1580 2618 Dei
1621 2566 1858 2635 gloriam
1900 2566 2193 2629 momenti,
2242 2562 2385 2634 quod

761 2656 1049 2723 quomodo
1096 2656 1379 2723 suscipere
1425 2655 1758 2722 potuissem,
1805 2655 1912 2707 nisi
1954 2663 2015 2707 tu
2059 2655 2379 2722 diligentem

760 2760 991 2810 operam
1034 2760 1301 2795 navasses
1356 2742 1411 2794 in
1465 2741 1782 2809 colligenda
1849 2741 2202 2795 Armuziensi
2255 2738 2385 2792 elee-

767 2849 1022 2899 mosyna,
1071 2849 1195 2897 quae
1245 2828 1383 2880 mihi
1431 2828 1538 2881 hoc
1581 2828 1637 2881 in
1685 2848 1849 2882 cursu
1892 2828 2128 2897 puppim
2174 2835 2228 2881 et
2271 2841 2386 2894 pro-

767 2935 885 2967 ram
942 2917 1111 2968 facit?
1180 2917 1329 2984 Quid
1386 2917 1526 2967 foret
1581 2917 1625 2967 si
1680 2925 1739 2967 tu
1796 2918 1851 2966 in
1906 2917 2014 2968 hoc
2076 2911 2383 2968 cessasses?

770 3004 990 3070 Nempe
1055 3004 1398 3070 cogebamur
1462 3002 1724 3055 omittere
1790 3003 2001 3065 omnia,
2059 3010 2113 3055 et
2172 3007 2382 3054 tantam

765 3087 1127 3139 occasionem
1193 3087 1546 3155 propagandi
1616 3088 1721 3139 Dei
1788 3088 1941 3154 regni
2008 3087 2382 3154 nequidquam
