2639 3798
785 381 968 418 LIBER
1007 381 1108 417 vn.
1131 395 1202 401 —
1226 378 1527 432 EPISTULA·
1560 379 1595 415 1.
1937 364 2005 430 85

452 520 593 572 Haec
636 536 741 587 ego
784 517 856 571 ad
898 535 1001 571 vos
1035 516 1108 571 ob
1137 534 1263 571 eam
1308 515 1555 587 maxime
1597 532 1829 570 causam
1876 516 2005 571 ube-

376 607 491 662 rius
543 606 748 671 ScribO,
804 614 863 658 ut
918 606 1045 657 Deo
1099 604 1350 655 Domino
1402 603 1766 671 gratulemini
1830 622 2009 660 novas
2086 600 2089 603 ¹

375 692 579 764 aperiri
630 691 906 761 regioneS,
963 692 1056 747 ubi
1106 699 1295 747 vestra
1347 709 1642 746 excurrere
1694 691 1875 762 possit
1926 691 2008 745 in-

375 782 617 844 dustria3
674 790 849 851 utque
895 778 1091 833 solidis
1134 778 1439 832 virtutibus
1484 796 1551 832 ac
1596 780 1787 833 studio
1832 797 2004 849 quam

375 868 617 939 plurima
667 886 771 937 pro
834 867 1067 922 Christo
1117 866 1435 936 perferendi
1486 884 1589 919 vos
1641 865 1870 920 interim
1923 865 2005 920 in-

376 954 626 1009 struatis,
728 957 916 1024 Atque
980 954 1115 1007 illud
1179 962 1455 1023 perpetuo
1519 954 1722 1007 vestris
1790 954 2005 1009 haerere

379 1041 665 1095 mentibus
719 1041 905 1104 velim,
971 1058 1315 1110 propensam
1385 1039 1727 1109 plenamque
1787 1040 2010 1095 humili-

378 1129 513 1184 tatis
576 1127 1052 1197 demissionisque
1108 1127 1484 1192 voluntatem,
1538 1145 1652 1197 qua
1702 1134 1761 1181 te
1812 1136 2009 1199 caput-

378 1234 486 1287 que
550 1224 713 1270 tuum
788 1215 995 1268 divinae
1068 1213 1261 1284 gloriae
1335 1215 1636 1277 devoveaS,
1701 1215 2008 1284 gratiorem

382 1305 504 1357 Deo
532 1303 1029 1372 acceptioremque
1072 1301 1322 1354 hostiam
1366 1319 1508 1365 esse,
1553 1319 1725 1370 quam
1761 1302 1849 1355 vel
1890 1302 2010 1372 plu-

378 1390 519 1443 rima
546 1396 602 1443 et
630 1388 880 1442 maxima
916 1388 1190 1457 obsequia
1223 1388 1345 1441 sine
1374 1388 1655 1457 ejusmodi
1691 1388 2007 1443 voluntate.

450 1478 569 1529 Vos
619 1476 790 1544 igitur
839 1474 1024 1544 parati
1076 1481 1259 1526 estote
1273 1494 1286 1536 ;
1340 1472 1600 1527 fortassis
1651 1474 1804 1528 enim
1857 1475 2009 1530 intra

376 1560 669 1614 biennium
716 1560 989 1629 plurimos
1030 1567 1282 1613 vestrum
1326 1560 1383 1613 in
1423 1561 1731 1630 Japoniam
1774 1580 1876 1631 per
1915 1563 2001 1616 lit-

378 1657 528 1703 teras
587 1649 856 1700 evocabo.
957 1646 1201 1698 Proinde
1263 1645 1620 1699 meditamini
1672 1646 1891 1702 interea
1942 1666 2009 1704 ac

379 1733 676 1802 diligenter
720 1733 887 1786 colite
932 1732 1343 1792 humilitatem;
1422 1732 1689 1785 omnibus
1735 1734 1794 1785 in
1838 1735 2008 1788 rebus

379 1841 412 1874 a
438 1821 642 1891 quibus
684 1820 994 1889 depravata
1036 1825 1240 1873 natura
1281 1818 1567 1884 abhorret,
1609 1838 1712 1874 vos
1754 1821 1862 1892 ipsi
1887 1822 2008 1876 vin-

379 1909 514 1970 cite;
575 1925 914 1975 summoque
967 1906 1157 1959 studio
1209 1905 1496 1960 elaborate
1549 1915 1609 1961 ut
1656 1907 1849 1962 divina
1900 1926 2009 1979 ope

378 2013 479 2048 vos
529 1994 685 2063 ipsos
735 1994 963 2062 penitus
1014 1993 1394 2062 cognoscatis
1475 1995 1626 2047 Nam
1680 1995 1765 2047 sui
1818 1996 2010 2066 cogni·
2080 2012 2085 2016 ·

378 2082 458 2135 tio
510 2080 700 2134 nutrix
765 2088 851 2133 est
918 2078 1124 2132 divinae
1198 2080 1421 2133 fiduciae
1472 2097 1539 2134 ac
1605 2097 1814 2149 parens
1865 2082 2009 2137 chri-

382 2168 580 2221 stianae
637 2167 994 2220 humilitatis
1074 2166 1298 2236 Quippe
1350 2185 1418 2219 ex
1465 2166 1645 2219 nostri
1697 2167 2012 2226 diffidentia

385 2254 490 2307 Dei
534 2253 742 2307 fiducia
787 2252 1057 2316 nascitur,
1103 2270 1229 2322 quae
1271 2270 1405 2306 vera
1446 2261 1532 2307 est
1578 2262 1751 2323 atque
1791 2272 2011 2323 germa-

384 2358 456 2392 na
505 2340 730 2393 fiducia.
838 2340 980 2392 Haec
1045 2340 1277 2392 demum
1333 2339 1497 2393 vobis
1547 2341 1715 2394 ratio‘
1746 2341 2010 2396 intimam

383 2427 533 2480 illam
598 2426 776 2480 animi
835 2425 1276 2479 submissionem
1333 2425 1534 2495 pariet,
1594 2444 1721 2497 quae
1779 2427 2012 2497 quidem

385 2531 512 2564 cum
552 2513 762 2581 ubique
800 2520 923 2566 turn
962 2529 1096 2566 vero
1136 2512 1193 2566 in
1230 2512 1385 2566 hisce
1424 2513 1582 2578 lociS,
1622 2513 1790 2584 longe
1831 2515 2015 2585 magis

385 2616 553 2669 quarn
615 2599 832 2670 putatis
893 2597 1214 2653 necessaria
1266 2605 1371 2652 est.
1467 2598 1613 2654 Illud.
1664 2607 1858 2661 autem
1910 2617 2015 2655 vos

387 2702 608 2751 mone0,
662 2705 734 2741 ne
786 2688 939 2740 bona
989 2686 1286 2740 hominum
1340 2687 1410 2740 de
1452 2685 1614 2740 vobis
1666 2686 1862 2757 opinio
1913 2706 2016 2743 vos

385 2771 621 2825 nimium
674 2774 939 2837 oblectet,
994 2773 1099 2826 nisi
1154 2772 1298 2826 forte
1344 2781 1405 2826 ut
1452 2772 1560 2827 hoc
1608 2774 1791 2843 magis
1840 2776 2014 2830 vestri

384 2875 484 2911 vos
528 2862 757 2929 pudeat.
838 2860 1131 2930 Siquidem
1175 2859 1308 2913 inde
1350 2859 1529 2914 oritur
1569 2860 1655 2914 sui
1698 2860 1876 2931 ipsius
1919 2855 2041 2918 ne?

385 2941 671 3012 gligentia,
724 2964 850 3016 quae
904 2947 1188 3000 nonnullis
1245 2946 1574 2999 interiorem
1628 2947 1782 3000 illam
1834 2949 2013 3002 animi

387 3030 823 3087 submissionem
867 3033 1028 3103 quasi
1070 3052 1171 3103 per
1211 3033 1529 3109 praestigias
1571 3033 1892 3091 intervertit
1928 3054 2012 3090 ar-

386 3118 817 3192 rogantiamque
862 3121 1174 3185 substituit.
1255 3123 1457 3195 Itaque
1510 3122 1691 3184 multi,
1739 3141 1869 3178 cum
1916 3122 2010 3179 diu
