2665 3754
733 348 735 352 ·
773 341 878 393 374
1162 340 1345 378 LIBER
1385 339 1865 379 Ix.—EPISTOLA
1906 340 2017 378 vnr
2084 326 2086 328 ’

771 477 971 546 gratia,
1036 478 1186 546 quod
1250 495 1318 528 ne
1376 477 1480 529 tibi
1541 477 1782 541 accidat,
1843 478 2113 530 auxilium
2172 479 2392 535 assidue

771 563 1027 617 divinum
1056 563 1313 631 implora.
1392 565 1539 617 Tum
1575 563 1632 616 in
1661 564 1961 618 occasione
1988 564 2236 628 labendi,
2266 583 2390 621 con-

773 650 952 703 nitere
988 651 1126 703 totis
1161 651 1373 703 viribus
1410 652 1481 703 ad
1520 652 1786 704 standum
1830 660 1885 705 et
1920 653 2391 722 perseverandum

771 740 829 793 in
873 740 980 793 Dei
1021 740 1311 809 obsequiO,
1357 758 1591 804 memor,
1637 740 1683 794 si
1723 734 2062 810 peccaveriS,
2105 741 2391 797 inevitabi-

772 825 899 880 liter'
955 825 1297 880 eventurum
1347 834 1408 879 ut
1473 827 1530 878 in
1591 826 1698 880 hac
1757 827 1875 880 vita
1935 836 2032 881 aut
2094 827 2151 880 in
2212 826 2393 883 futura

771 913 1102 983 gravissime
1141 913 1420 981 puniaris;
1469 913 1736 981 quocirca
1772 914 2028 967 omnium
2064 913 2391 968 terribilium

773 1002 1018 1054 maxime
1050 1000 1474 1053 formidandum
1510 1010 1649 1069 puta
1685 1001 1933 1053 incidere
1968 1010 2026 1054 te
2063 1002 2120 1053 in
2153 1001 2389 1070 culpam,

774 1087 846 1142 ob
886 1108 1057 1158 quarn
1099 1096 1372 1142 aeternum
1413 1089 1662 1151 urendus
1708 1088 1764 1140 in
1805 1089 2047 1143 Tartaro
2088 1090 2183 1142 sis.

852 1190 965 1244 Ubi
1002 1189 1322 1257 perveneris
1361 1189 1419 1241 in
1457 1189 1782 1258 Japoniam,
1825 1197 2116 1243 memento
2157 1189 2389 1243 salutem

772 1293 804 1328 a
852 1292 942 1328 me
989 1273 1290 1343 plurimam
1337 1275 1572 1327 reddere
1622 1275 1818 1328 Marco
1864 1281 1919 1328 et
1969 1274 2163 1328 Paulo,

847 1363 1003 1414 Deus
1041 1369 1098 1414 te
1137 1360 1307 1414 faciat
1348 1369 1611 1414 sanctum
1652 1369 1707 1414 et
1748 1361 1988 1425 felicem,
2026 1362 2196 1431 inque
2235 1379 2388 1413 suam

776 1449 1030 1502 Paradisi
1078 1449 1314 1518 gloriam
1362 1449 1657 1518 perducat.

846 1540 934 1590 Ex
993 1537 1137 1590 freto
1192 1537 1586 1604 Sincapurano
1640 1538 1744 1589 XI.
1807 1538 1930 1590 Kal.
1987 1537 2227 1606 Augusti
2280 1539 2389 1590 An-

774 1641 847 1677 no
900 1626 1158 1677 MDLII.

848 1778 1020 1830 Dices
1068 1779 1222 1831 Patri
1271 1779 1579 1830 Francisco
1626 1778 1874 1842 PereziO,
1929 1778 2037 1847 ipsi
2090 1778 2392 1830 ostendens

771 1865 919 1918 hanc
970 1867 1153 1935 ipsam
1207 1882 1394 1918 meam
1447 1864 1767 1935 epistolam,
1824 1872 1884 1919 ut
1937 1866 2167 1935 quando
2214 1864 2391 1918 solves

771 1952 828 2004 in
868 1952 1113 2015 Indiam,
1162 1951 1370 2005 scribat
1412 1951 1694 2005 Cocinum
1736 1952 1890 2005 Patri
1929 1952 2182 2006 Antonio
2211 1953 2392 2005 Here-

772 2039 898 2103 diae,
927 2038 1388 2091 commendando
1420 2038 1515 2102 illi,
1548 2057 1675 2091 meo
1710 2038 1958 2102 nomine,
1988 2047 2049 2091 ut
2087 2038 2144 2090 in
2178 2057 2245 2091 ea
2279 2038 2392 2107 ipse

771 2127 908 2180 urbe
954 2125 1253 2194 conquirat
1299 2126 1401 2179 tibi
1447 2126 1695 2194 aliquam
1743 2125 2163 2195 eleemosynam
2216 2133 2313 2180 aut
2363 2142 2394 2179 a

773 2213 1034 2266 sodalitio
1088 2213 1484 2276 Misericordiae,
1544 2220 1641 2265 aut
1709 2232 1741 2265 a
1799 2213 2137 2282 quibusdam
2202 2230 2391 2265 eorum

771 2319 913 2371 quos
953 2301 1009 2352 in
1049 2301 1140 2352 via
1180 2301 1410 2369 spiritus
1451 2301 1659 2369 dirigit.
1740 2301 2010 2369 Significa
2050 2301 2185 2369 quin
2224 2301 2391 2353 etiam

772 2387 879 2456 ipsi
934 2387 1088 2441 Patri
1143 2386 1452 2440 Francisco
1507 2386 1736 2440 Perezio
1793 2394 2013 2455 gratam
2073 2405 2202 2441 eum
2260 2383 2392 2439 mihi

774 2493 893 2526 rem
939 2473 1239 2536 facturum,
1295 2474 1340 2525 si
1387 2482 1722 2542 exspectans
1766 2482 1929 2525 tuum
1985 2493 2052 2525 ex
2099 2473 2264 2525 India
2315 2490 2391 2524 re-

773 2561 974 2623 ditum,
1017 2561 1072 2612 in
1110 2561 1439 2613 occasiones
1476 2560 1851 2629 invigilaverit
1891 2561 2259 2629 corrogandae
2294 2557 2392 2613 tibi

773 2645 1010 2713 alicujus
1056 2645 1389 2713 pecuniolae,
1440 2663 1611 2713 quam
1658 2644 1885 2698 interim
1932 2645 2035 2698 tibi
2082 2652 2283 2708 servet,
2330 2659 2392 2696 ac

775 2733 903 2785 Goa
947 2750 1172 2785 reverso
1213 2732 1623 2802 procinctoque
1669 2732 1741 2784 ad
1785 2749 2013 2785 cursum
2054 2731 2391 2803 Japonicum

776 2829 1061 2882 numeret3
1102 2827 1357 2873 monstra
1390 2819 1466 2872 illi
1503 2818 1612 2873 hoc
1649 2820 1835 2887 ipsum
1875 2837 2063 2873 meum
2103 2819 2391 2888 scriptum,

772 2926 885 2977 quo
947 2908 1118 2960 fidem
1181 2905 1343 2959 istius
1406 2906 1513 2959 mei
1572 2906 1834 2959 desiderii
1896 2905 2090 2959 facias,
2167 2902 2391 2978 Juvabit

771 2995 862 3048 ille
919 3003 976 3049 te
1033 2994 1228 3065 procul
1281 2994 1452 3047 dubio
1507 3012 1706 3065 parum
1764 3002 1860 3048 aut
1919 2994 2179 3058 multum,
2232 2995 2392 3065 prout

772 3083 1038 3153 potuerit.
