2639 3798
662 372 845 411 LIBER
882 372 960 412 VI.
982 389 1054 395 —
1074 372 1364 412 EPISTOLA
1402 372 1480 412 VI.
1811 375 1877 428 53

264 514 544 569 elementa
586 513 908 568 christianae
951 514 1224 568 doctrinae
1267 515 1613 569 multitudini
1659 534 1878 586 perma-

264 619 389 669 gnae
428 618 747 667 puerorum.
818 599 981 653 Ultra
1018 600 1127 652 ista
1164 618 1289 668 quae
1327 601 1577 654 sufficere
1615 610 1879 670 poterant

266 687 360 740 uni
412 685 629 738 homini
669 685 893 737 abunde
933 686 1282 754 occupand0‚
1324 685 1734 755 poenitentium·
1765 706 1878 741 non

265 770 424 824 facile
470 770 902 824 numerabilium
950 770 1332 825 confessiones
1379 789 1523 826 unus
1579 773 1803 843 excipit.

339 859 492 927 Ergo
553 856 645 908 hic
706 874 819 908 non
876 856 1038 909 deses
1090 864 1186 909 aut
1239 856 1386 910 iners
1439 857 1495 910 in
1547 857 1712 912 vinea
1766 859 1878 912 Do-

267 945 403 1000 mini
471 944 759 1011 operarius
828 950 941 1005 est3
1011 943 1203 1011 utique
1260 943 1419 1012 cujus
1470 952 1589 996 tam
1642 944 1880 998 indefes-

266 1050 386 1085 sam
452 1037 684 1096 tamque
750 1027 1037 1080 assiduam
1106 1027 1364 1081 videmus
1433 1031 1877 1095 contentionem,

265 1128 324 1174 ut
400 1117 510 1171 cibi
587 1113 883 1183 somnique
959 1113 1219 1183 capiendi
1295 1114 1479 1183 spatio
1561 1117 1879 1170 necessario

264 1205 568 1260 fraudetur.
648 1203 826 1270 Spero
877 1200 1138 1270 equidem
1191 1218 1305 1256 non
1351 1202 1675 1258 auditurum
1721 1204 1876 1260 illurn

264 1313 295 1348 a
360 1290 610 1346 Domino
673 1288 824 1340 illam
889 1307 919 1339 e
983 1306 1144 1340 sacra
1207 1287 1474 1357 parabola
1541 1289 1875 1360 increpatio-

263 1395 419 1431 nem:
492 1375 635 1444 Quid
701 1375 783 1427 hic
850 1375 997 1428 statis
1065 1380 1170 1427 tota
1238 1376 1319 1427 die
1384 1377 1573 1429 otiosi?
1651 1378 1874 1447 Quippe

262 1481 428 1534 quem
491 1460 642 1512 nulla
701 1458 814 1510 fere
871 1457 980 1509 diei
1032 1477 1098 1510 ac
1149 1458 1331 1511 noctis
1383 1458 1522 1512 hora
1572 1461 1870 1529 quisquam

262 1548 509 1603 inveniat
570 1563 684 1599 non
745 1546 1026 1598 intentum
1088 1545 1243 1613 operi
1309 1544 1781 1599 extrahendarum
1843 1567 1873 1599 e

262 1654 425 1689 coeno
475 1632 694 1701 peccati
746 1631 1081 1694 animarum,
1136 1639 1191 1685 et
1242 1634 1755 1700 promovendarum
1799 1635 1871 1688 ad

261 1727 363 1778 rite
427 1721 782 1775 serviendum
849 1719 973 1771 Deo
1039 1716 1287 1769 Domino
1351 1723 1564 1781 nostro,
1623 1718 1718 1787 qui
1774 1737 1871 1774 eas

261 1809 531 1866 condidit.
608 1808 694 1861 Ad
771 1823 897 1860 eum
966 1823 995 1859 e
1066 1822 1225 1859 sacro
1294 1805 1512 1875 pulpito
1587 1806 1868 1860 dicentem

260 1906 451 1952 tantus
505 1912 808 1947 concursus
860 1892 941 1955 fit,
998 1899 1056 1944 ut
1108 1890 1438 1945 concionem
1492 1893 1705 1961 templa
1749 1911 1871 1948 vas-

260 1984 479 2039 tissima
538 1998 653 2036 non
705 1980 949 2049 capiant.
1029 1980 1188 2031 Idem
1240 1997 1408 2048 porro
1460 1979 1516 2030 in
1574 1989 1867 2034 consuetu-

260 2074 388 2127 dine
451 2068 710 2124 familiari
774 2065 1102 2119 mirabiliter
1164 2066 1341 2119 comis
1392 2073 1562 2135 atque
1613 2068 1867 2134 affabilis,

261 2168 494 2229 cunctos
569 2157 764 2212 obvios
839 2172 1073 2207 occursu
1150 2154 1332 2222 primo
1369 2154 1590 2217 allicit,
1661 2156 1870 2224 populo

261 2231 518 2301 universo
585 2242 821 2297 summis
888 2257 1046 2309 aeque
1112 2256 1177 2293 ac
1244 2241 1452 2294 infimis
1516 2242 1871 2312 singulariter

260 2342 469 2403 gratUS‚
534 2330 817 2399 praefecto
859 2329 1021 2395 juxta
1084 2325 1407 2393 civibusque
1471 2326 1743 2381 universis
1811 2330 1867 2383 in

261 2419 472 2474 deliciis
529 2425 632 2481 est,
690 2433 756 2469 ac
811 2422 1040 2484 propter
1096 2413 1413 2466 insatiabile
1470 2414 1720 2468 studium
1788 2416 1865 2470 lu-

260 2510 593 2561 crandarum
663 2503 891 2557 Christo
956 2501 1291 2563 animarum,
1360 2500 1462 2553 viri
1528 2502 1739 2570 passim
1810 2523 1864 2557 a-

260 2594 517 2663 postolici
569 2611 634 2644 ac
689 2592 811 2642 Deo
872 2590 928 2640 in
990 2588 1184 2655 primis
1240 2588 1392 2640 chari
1447 2588 1864 2643 existimatione

258 2682 704 2735 commendatur.

330 2771 538 2822 Fateor
600 2765 777 2828 vobiS‚
849 2766 1076 2817 Fratres
1143 2764 1270 2826 mei,
1337 2765 1537 2833 puduit
1603 2783 1693 2819 me
1755 2767 1865 2820 mei

259 2873 383 2908 Cum
436 2857 558 2908 haec
609 2854 748 2913 vidi;
803 2860 857 2903 et
911 2850 1302 2919 subjicientem
1355 2850 1531 2902 oculis
1588 2859 1862 2920 quantum

258 2943 571 3009 opimorum
640 2940 945 3008 spoliorum
1016 2938 1284 2989 Ecclesiae
1351 2939 1631 2991 thesauris
1690 2939 1863 2992 homo

258 3046 397 3082 unus
448 3025 760 3081 imbecillus
811 3032 866 3077 et
919 3023 1186 3076 continue
1232 3024 1689 3093 semilanguiduS‚
1740 3027 1864 3078 Deo

253 3113 499 3182 juvante,
568 3112 952 3165 indesinenter
1020 3110 1309 3179 adjungat,
1382 3128 1546 3163 sensu
1615 3112 1862 3180 quodam
