2665 3754
722 347 827 400 310
1067 346 1249 385 LIBER
1287 347 1414 386 VIII.
1439 324 1824 388 -EPISTOLA
1862 348 1999 386 XXII.

719 489 959 553 Tamen,
1008 495 1068 541 ut
1136 488 1267 552 dixi,
1338 508 1456 542 rem
1528 498 1713 544 totam
1774 490 2045 560 permitto
2112 490 2343 547 arbitrio

718 586 845 637 tuo;
918 576 1164 629 secuturi
1218 576 1480 630 videlicet
1541 578 1598 629 in
1659 577 1768 630 hoc
1810 585 1865 630 et
1918 577 2041 630 aliis
2100 596 2229 631 vere
2290 588 2344 634 et

716 662 880 714 unice
926 662 1079 731 quod
1125 662 1438 714 rectissime
1486 664 1559 715 ad
1618 663 1802 732 majus
1846 663 1953 714 Dei
2007 663 2340 733 obsequium

718 747 1024 800 credideris
1070 748 1320 800 tendere.

787 833 1072 887 Omnibus
1116 852 1216 902 per
1262 832 1368 887 hos
1412 843 1629 888 tractus
1681 834 2017 904 praesidibus
2068 836 2339 890 domuum

710 929 807 972 aut
847 919 1160 973 stationum
1203 921 1525 985 SocietatiS,
1564 921 1676 975 ubi,
1700 921 1992 989 negotium
2033 938 2335 989 procuran-

710 1005 797 1058 dae
840 1005 1037 1058 salutis
1081 1005 1400 1058 animarum
1444 1006 1531 1059 vel
1573 1006 1841 1075 primario
1878 1025 1911 1058 a
1950 1007 2159 1060 nostris
2200 1008 2338 1076 geri-

707 1101 816 1155 tur,
851 1094 985 1145 solis
1027 1093 1137 1145 illic
1180 1094 1449 1146 ecclesias
1493 1094 1722 1162 proprio
1765 1102 1993 1161 pastore
2036 1095 2338 1148 destitutas

708 1180 1050 1247 regentibuS,
1109 1180 1195 1232 vel
1260 1181 1564 1233 ordinariis
1628 1179 1881 1233 locorum
1947 1180 2335 1235 sacerdotibus

706 1263 1102 1316 subsidiariam
1156 1265 1499 1318 navantibus
1556 1282 1808 1333 operam,
1863 1265 2206 1319 commenda
2257 1266 2335 1319 di-

704 1348 958 1418 ligenter,
1013 1358 1074 1403 ut
1127 1350 1361 1419 singulis
1427 1350 1663 1404 omnino
1727 1350 1892 1404 annis
1944 1351 2015 1404 ad
2079 1358 2334 1405 nostrum

707 1437 949 1490 Beatum
1018 1437 1246 1491 Patrem
1315 1437 1600 1506 Ignatium
1666 1444 1932 1491 accurate
1989 1454 2055 1490 ac
2109 1436 2336 1505 copiose

703 1523 971 1586 scribant,
1038 1532 1388 1592 exponentes
1454 1523 1782 1592 singillatim
1858 1523 2134 1592 quidquid
2197 1522 2331 1576 boni

705 1610 861 1662 Deus
929 1627 1030 1678 per
1074 1610 1229 1678 ipsos
1281 1610 1499 1663 efficere
1553 1610 1819 1678 dignatur
1864 1610 1921 1662 in
1967 1610 2035 1662 iis
2086 1610 2226 1663 locis
2276 1617 2330 1664 et

705 1696 969 1766 gentibus
1014 1715 1155 1768 quas
1201 1697 1482 1752 excolunt.
1562 1698 1675 1751 Sed
1728 1704 1967 1752 caveant
2021 1696 2219 1752 sedulo
2263 1714 2332 1752 ne

705 1782 799 1835 isti
863 1784 1173 1851 narrationi
1238 1784 1548 1853 quidquam
1606 1784 1946 1837 interserant
2012 1801 2124 1852 quo
2190 1783 2331 1837 ullus

706 1868 1013 1940 legentium
1075 1871 1256 1940 possit
1314 1870 1550 1933 offendi3
1618 1877 1874 1923 resecent
1928 1869 1974 1922 si
2026 1888 2153 1940 quae
2206 1877 2334 1924 sunt

705 1957 1198 2012 inemendabiliter
1241 1966 1479 2027 peccata
1509 1959 1631 2012 sine
1659 1976 1845 2026 operae
1883 1959 2066 2026 pretio
2108 1959 2334 2026 vulgan-

705 2043 795 2105 da,
838 2044 1239 2112 cognoscenda
1282 2063 1409 2096 cum
1455 2043 1742 2106 scandaIO,
1789 2043 2039 2112 qualium
2087 2042 2332 2111 inauspi-

704 2138 833 2183 cata
881 2131 1094 2184 mentio
1144 2131 1384 2184 lectores
1436 2131 1618 2184 inutili
1673 2130 1979 2194 moestitiae,
2027 2130 2330 2199 scriptores

697 2214 868 2283 justae
930 2215 1355 2284 reprehensioni
1409 2216 1807 2285 imprudentiae
1877 2216 2160 2284 subjiciat.
2241 2216 2330 2268 In-

703 2302 892 2356 dicare
939 2304 1077 2357 satis
1130 2304 1377 2358 habeant
1424 2322 1550 2375 quae
1603 2320 1769 2357 nosse
1815 2305 1994 2374 juvet,
2042 2322 2169 2375 quae
2216 2321 2330 2356 me·-

704 2389 911 2443 morari
950 2390 1184 2460 dignum
1225 2391 1316 2454 sit,
1351 2390 1820 2460 propagationem
1860 2390 2016 2460 regni
2060 2390 2188 2455 Dei,
2216 2390 2325 2445 vic·

701 2478 878 2530 torias
940 2479 1154 2547 gratiae,
1221 2498 1524 2531 conversos
1582 2480 1653 2531 ad
1714 2477 1928 2531 Christi
1998 2478 2327 2548 religionem

701 2563 1045 2630 idololatraS‚
1087 2583 1338 2619 emersos
1377 2584 1407 2619 e
1447 2583 1613 2619 coeno
1659 2565 1960 2618 criminum
2001 2566 2322 2618 sceleratos.

701 2653 930 2707 Addant
977 2654 1021 2706 si
1068 2673 1179 2724 qua
1230 2672 1360 2724 spes
1407 2672 1466 2707 se
1518 2654 1783 2708 ostendat
1837 2653 2118 2707 ulterioris
2170 2649 2326 2706 brevi

701 2739 989 2808 profectus
1038 2741 1314 2794 exstituri.

774 2827 1007 2881 Mittant
1047 2836 1102 2881 et
1143 2828 1280 2881 alias
1321 2828 1522 2881 eodem
1563 2835 1917 2896 argument0‚
1947 2828 2068 2897 pari
2103 2826 2323 2880 delectu

695 2915 1061 2982 compositas,
1116 2915 1334 2967 litteras
1387 2915 1458 2966 ad
1514 2914 1808 2972 universos
1870 2932 1969 2982 per
2033 2915 2323 2981 Europam

694 3001 910 3066 SociOS,
950 3018 1051 3070 per
1089 3019 1230 3071 quas
1269 3002 1336 3054 iis
1363 3002 1806 3065 communicent,
1836 3002 1908 3054 ad
1948 3001 2054 3054 Dei
2082 2999 2318 3070 gloriam

689 3095 744 3143 et
788 3088 1052 3144 solatium
1098 3097 1377 3153 mutuum,
1422 3106 1717 3146 successus
1762 3088 2022 3143 laborum
2068 3100 2321 3147 suorum,

2647 513 2665 1063 ‘bh-dh-dlflh-adfi

2652 1545 2665 1578 ns
2647 1441 2665 1509 Ι-ιι
2652 1372 2665 1406 rn
2650 1203 2665 1320 ΑΝ

2657 2067 2665 2097 ..Δ
2657 1982 2665 2011 Λ
2657 1895 2665 1921 Α
2655 1806 2665 1828 Α
2656 1717 2665 1753 un
2654 1621 2665 1665 a*
