2712 3754
815 345 881 397 32
1215 345 1398 384 LIBER
1439 344 1925 385 V1.—-EPISTOLA
1965 345 2040 384 IV.
2112 348 2116 352 ’

814 492 974 542 spem
1020 475 1187 529 venio
1238 476 1376 550 (nisi
1417 484 1613 530 nostra
1650 484 1886 544 peccata
1926 476 2261 543 impediant,
2302 495 2436 544 quo-

816 559 1005 614 minus
1048 570 1244 614 nostra
1292 563 1449 615 Deus
1494 582 1666 633 opera
1712 563 1793 617 uti
1838 562 2021 627 velit,)
2071 582 2185 616 non
2227 581 2439 633 paucos

814 666 881 702 ex
935 649 1091 702 omni
1141 650 1388 721 Japonia
1449 651 1521 705 ad
1583 650 1798 706 Christi
1859 651 2030 705 fidem
2092 667 2436 705 accessuros

890 734 999 789 His
1070 753 1175 804 ego
1246 736 1460 791 nuntiis
1530 737 1636 792 etsi
1705 736 2073 792 vehementer
2141 736 2437 801 excitatuS,

813 832 1028 887 tamen,
1102 832 1291 877 utrum
1373 845 1440 877 eo
1520 845 1610 878 me
1681 826 1994 879 conferrem
2066 844 2264 890 necne,
2342 826 2435 880 diu

816 928 1039 964 mecum
1100 911 1454 981 multumque
1512 912 1775 981 cogitavi.
1854 914 2066 966 Verum
2124 912 2218 966 ubi
2270 912 2438 966 certis

815 996 1038 1051 indiciis
1088 997 1429 1067 Japonicam
1482 998 1890 1067 profectionem
1939 1019 1969 1052 e
2014 998 2191 1068 gloria
2236 1007 2291 1053 et
2342 1019 2435 1052 vo-

813 1084 1032 1138 luntate
1084 1085 1276 1137 divina
1337 1104 1459 1137 esse
1519 1087 1796 1154 perspexi,
1857 1086 1904 1138 si
1957 1085 2064 1138 hoc
2116 1086 2222 1139 iter
2272 1086 2435 1139 omit-

813 1181 1012 1236 terem,
1067 1191 1154 1225 nae
1209 1192 1313 1242 ego
1365 1174 1585 1228 viderer
1637 1174 1775 1227 mihi
1828 1175 1994 1244 longe
2046 1174 2288 1228 ethnicis
2343 1177 2435 1244 Ja—

813 1258 1058 1327 ponibus
1119 1259 1382 1313 deterior.
1463 1261 1749 1313 Humanae
1811 1260 2009 1314 salutis
2070 1260 2251 1314 hostis
2310 1278 2434 1329 pro-

813 1345 1118 1398 fectionem
1183 1354 1438 1399 nostram
1502 1365 1725 1399 summa
1786 1365 1892 1415 ope
1945 1347 2218 1416 impedire
2270 1364 2433 1399 cona-

813 1441 905 1485 tus
978 1440 1085 1493 est.
1162 1433 1279 1485 Cur
1347 1439 1647 1501 tantopere
1715 1451 1747 1484 a
1814 1432 1978 1484 nobis
2044 1431 2149 1484 sibi
2221 1418 2436 1486 metuat

815 1518 1027 1582 nescio,
1083 1520 1183 1571 sed
1236 1518 1447 1589 aliquid
1509 1519 1763 1590 profecto
1825 1526 1927 1572 est.
2009 1518 2436 1572 Proficiscentes

812 1607 869 1658 in
936 1607 1243 1676 Japoniam
1314 1606 1719 1675 supellectilem
1787 1607 1858 1659 ad
1929 1608 2164 1659 Sacrum
2231 1605 2435 1659 facien-

811 1694 946 1745 dum
1016 1692 1399 1744 necessarium
1469 1692 1763 1745 nobiscum
1833 1691 2169 1744 deferemus
2249 1691 2434 1744 Proxi-

813 1797 906 1832 mo
969 1796 1119 1831 anno
1186 1779 1322 1842 (nisi
1386 1780 1509 1832 Deo
1573 1796 1734 1832 secus
1789 1778 2098 1839 videbitur)
2155 1795 2434 1847 quaecum-

813 1883 921 1933 que
974 1864 1084 1918 illie
1137 1872 1298 1933 gesta
1350 1872 1531 1926 erunt,
1586 1863 1789 1918 faciam
1841 1873 1903 1918 ut
1957 1863 2165 1918 sciatis.

887 1951 1068 2003 Simul
1145 1960 1315 2019 atque
1389 1951 1697 2022 Japoniam
1775 1951 2147 2020 attigerimuS,
2220 1959 2434 2003 certum

812 2046 898 2091 est
965 2037 1128 2090 nobis
1195 2055 1384 2106 regem
1454 2038 1638 2107 ipsum
1706 2038 1965 2108 Japoniae
2036 2045 2191 2091 recta
2261 2038 2433 2100 adire,

812 2124 976 2196 eique
1044 2123 1284 2179 fidenter
1352 2125 1641 2190 mandata,
1712 2143 1837 2197 quae
1904 2144 1937 2179 a
1997 2125 2134 2197 Jesu
2207 2124 2436 2180 Christo

813 2230 1007 2282 regum
1061 2230 1190 2280 rege
1247 2212 1541 2276 habemUS,
1601 2231 1896 2281 exponere.
1977 2214 2134 2265 Imus
2185 2213 2305 2281 spei
2357 2212 2434 2265 di-

812 2300 1071 2369 vinaeque
1129 2299 1349 2352 fiduciae
1405 2299 1574 2369 pleni,
1635 2300 2085 2369 confidimusque
2146 2318 2251 2351 nos
2313 2300 2435 2351 Deo

813 2388 957 2441 duce
1028 2388 1097 2440 de
1167 2387 1289 2455 ejus
1358 2386 1617 2440 hostibus
1690 2386 2160 2456 triumphaturos.
2238 2388 2436 2455 Neque

813 2492 945 2528 vero
1007 2481 1296 2528 certamen
1357 2492 1485 2527 cum
1545 2474 1805 2545 Japoniae
1866 2474 2130 2528 litteratis
2185 2472 2434 2527 reformi-

813 2563 1033 2616 damus.
1118 2561 1268 2631 Quid
1326 2561 1477 2615 enim
1529 2562 1665 2615 boni
1717 2580 1885 2616 nosse
1937 2569 2126 2631 potest
2177 2561 2273 2631 qui
2327 2563 2435 2614 De-

816 2666 909 2701 um
974 2648 1380 2716 Christumque
1442 2648 1563 2715 ejus
1617 2647 1824 2700 Filium
1871 2648 2129 2716 ignorat?
2185 2646 2296 2716 Qui
2342 2664 2433 2699 au-

812 2744 929 2787 tem
994 2734 1132 2786 nihil
1194 2742 1414 2802 spectat
1475 2734 1646 2796 aliud,
1711 2734 1816 2786 nisi
1874 2734 2123 2786 divinam
2175 2733 2434 2804 gratiam,

818 2822 1112 2891 Evangelii
1207 2822 1689 2891 praedicationem,
1767 2823 2086 2876 animorum
2179 2822 2436 2884 salutem,

813 2908 949 2977 quid
1000 2908 1235 2963 tandem
1289 2914 1509 2963 recuset
1552 2915 1648 2963 aut
1700 2907 2100 2977 pertimescat?
2174 2907 2234 2962 Si
2286 2907 2434 2961 enim

812 2995 1163 3049 versabimur
1238 3015 1353 3047 non
1431 2996 1603 3048 modo
1680 2996 1737 3047 in
1814 2995 1978 3049 terris
2047 2996 2433 3056 barbarorum,

813 3101 1005 3138 verum
1060 3085 1231 3138 etiam
1286 3085 1342 3136 in
1397 3086 1720 3137 daemonum
1774 3101 1965 3153 regno,
2035 3092 2227 3138 tamen
2285 3083 2434 3137 nulla

2599 682 2688 720 ceS
2698 688 2707 697 ·

2604 942 2704 993 exp

2604 1014 2690 1066 illo

2626 1724 2712 1760 SOI‘

2630 2049 2712 2103 vid
