2639 3798
673 367 858 404 LIBER
896 366 999 404 vn.
1021 383 1093 389 ——
1114 364 1408 406 EmsroLA
1445 365 1501 406 v.
1802 366 1905 423 143

274 500 713 556 christianorum
803 500 1070 555 articulos
1147 501 1277 556 fidei
1354 501 1642 557 declarare
1711 501 1904 572 lingua

272 587 410 657 ipsis
457 595 611 653 nota,
659 596 828 658 prout
875 605 978 658 ego
1025 588 1303 641 faciebam
1346 608 1477 642 cum
1524 589 1651 642 istic
1697 607 1902 642 essem.

276 677 352 730 Et
405 674 532 740 hoc,
594 683 654 729 ut
707 676 966 745 exemplo
1020 676 1096 727 sis
1149 676 1291 728 aliis.

342 760 729 816 Vehementer
774 780 873 815 oro
915 770 972 816 te
1018 771 1078 815 ut
1121 764 1193 815 ad
1237 781 1327 816 me
1382 764 1711 816 minutatim
1766 763 1900 817 scri·
1935 773 1938 777 ’

269 851 370 903 bas
416 850 486 902 de
533 857 683 903 statu
729 849 982 903 interiori
1028 849 1110 903 tui
1157 850 1351 903 animi.
1448 849 1573 903 Scis
1618 858 1899 920 quantum
2510 835 2520 917 ἶ

269 936 592 1007 gauderem,
641 936 687 989 si
735 954 1079 1006 cognoscere
1127 956 1217 989 me
1263 937 1373 989 isto
1418 936 1629 989 indicio
1682 937 1900 990 contin·
2508 918 2516 1002 ἶ

266 1030 421 1094 geret
473 1041 600 1092 quae
646 1024 810 1075 anxie
852 1041 920 1076 ac
965 1042 1095 1076 cum
1138 1024 1253 1076 acri
1296 1023 1678 1076 sollicitudine
1707 1023 1897 1092 cupio,
2506 1023 2511 1055 ²

269 1113 337 1165 de
389 1130 690 1180 progressu
745 1112 817 1163 ad
869 1109 1276 1179 perfectionem
1323 1111 1452 1165 tuo!
1512 1111 1671 1164 Inter
1722 1109 1903 1164 multa
2501 1061 2513 1198 i

267 1216 391 1269 quae
435 1198 574 1250 mihi
617 1198 866 1250 nuntiari
908 1197 1201 1250 laetissima
1243 1204 1497 1265 possent,
1542 1196 1677 1250 illud
1722 1196 1811 1249 vel
1843 1196 1900 1248 in
2439 1187 2510 1260 ηρῗξ

2497 1261 2508 1422 ἓ

2493 1431 2503 1565 ἕ

2491 1578 2497 1614 ῑ

2490 1615 2498 1678 l

265 1285 461 1356 primis
504 1284 941 1348 numeraverim,
972 1286 1018 1337 si
1058 1284 1363 1337 multorum
1407 1284 1787 1337 concordibus
1815 1292 1896 1337 te-

265 1370 548 1425 stimoniis
601 1371 879 1424 discerem
933 1371 1191 1439 impense
1248 1371 1427 1424 amari
1480 1379 1537 1424 te
1591 1389 1623 1423 a
1676 1371 1900 1424 cunctis

268 1458 570 1511 Societatis
617 1466 828 1511 nostrae
883 1458 1197 1521 Fratribu5‚
1247 1458 1363 1510 sive
1410 1457 1506 1526 qui
1553 1466 1743 1511 tecum
1792 1458 1897 1511 sub

265 1547 465 1598 eodem
529 1553 683 1598 tecto
747 1545 964 1608 vivunt,
1025 1545 1142 1599 sive
1200 1544 1295 1614 qui
1358 1544 1492 1598 alibi
1556 1563 1734 1615 prope
1800 1553 1898 1600 aut

265 1632 458 1701 procul
499 1632 557 1683 in
600 1633 724 1684 aliis
767 1632 1069 1684 domiciliis
1116 1641 1212 1684 aut
1261 1631 1628 1685 missionibus
1670 1650 1896 1686 versan-

265 1727 371 1773 tur.
451 1721 630 1772 Caros
676 1720 800 1771 illos
846 1738 1047 1772 omnes
1076 1739 1199 1771 esse
1241 1718 1345 1772 tibi
1389 1718 1435 1771 si
1464 1718 1729 1789 audiam,
1773 1736 1898 1787 gra-

264 1813 384 1860 tum
427 1807 657 1877 quidem
700 1807 885 1871 fuerit,
932 1808 1031 1858 sed
1075 1807 1376 1858 dimidium
1423 1814 1651 1858 tantum
1699 1805 1894 1859 afferet

265 1893 479 1961 gaudii:
522 1900 584 1947 ut
623 1894 679 1947 id
720 1894 953 1963 plenum
995 1894 1084 1958 sit,
1121 1895 1466 1963 persuadear
1505 1902 1739 1963 oportet
1771 1902 1895 1946 tum

264 1987 318 2032 te
359 1979 417 2033 in
459 1999 557 2034 eos
600 1999 798 2034 omnes
841 1979 986 2034 affici
1028 1980 1351 2046 tenerrime,
1400 1988 1524 2034 tum
1571 1981 1643 2033 ab
1690 1980 1894 2034 iisdem

262 2065 508 2120 vicissim
537 2066 795 2137 impense
825 2065 999 2136 diligi.
1078 2066 1236 2120 Vale.

405 2214 564 2265 Tuus
593 2213 649 2264 in
681 2213 953 2265 Domino,

1412 2360 1460 2411 F
1465 2373 1816 2412 RANCISCUS.
