2665 3754
694 332 798 391 288
1066 348 1250 389 LIBER
1287 342 1822 388 vnn—EprsroLA
1861 346 1951 387 xx.

692 485 970 548 omnium,
1034 493 1157 539 tum
1198 485 1275 538 illi
1315 502 1548 539 manum
1589 483 1941 538 osculemini.
2021 484 2103 535 Ac
2140 481 2187 535 si
2227 498 2317 535 me

690 569 971 622 consolari
1034 570 1340 639 plurimum
1424 569 1648 637 cupitiS,
1715 568 1882 622 facite
1951 567 2180 621 audiam
2244 568 2316 622 ad

686 655 897 724 pedum
959 656 1080 724 ejus
1139 674 1315 725 usque
1367 655 1560 709 oscula
1622 656 1822 708 ambos
1874 653 2022 707 ultro
2085 653 2314 707 descen-

688 742 866 796 disse:
922 750 982 797 ut
1037 750 1201 797 tanto
1257 742 1484 797 certiori
1529 743 1765 812 pignore
1817 740 2087 795 sanciatis
2137 739 2315 810 poeni-

686 829 927 883 tentiam
973 830 1390 898 praeteritorum
1431 829 1746 898 futuraeque
1787 829 2156 898 sponsionem
2198 845 2314 880 mo-

686 916 903 981 destiae,
957 935 1068 987 qua
1120 925 1316 970 sancte
1370 917 1477 986 ipsi
1549 916 1955 986 pollicebimini
2022 914 2162 968 nihil
2212 933 2313 969 vos

688 1002 975 1073 deincepS,
1011 1004 1281 1073 quamdiu
1326 1004 1652 1073 Meliaporae
1694 1003 2074 1068 morabimini,
2115 1010 2314 1058 contra

689 1090 811 1159 ejus
856 1091 1209 1144 voluntatem
1257 1099 1503 1144 acturos.

762 1179 994 1233 Credite
1050 1179 1206 1243 mihi,
1267 1179 1324 1233 in
1382 1178 1522 1232 hora
1577 1178 1777 1233 mortis
1823 1185 2024 1232 vestrae
2073 1176 2314 1232 multum

686 1284 789 1321 vos
838 1267 1143 1320 delectabit
1193 1267 1301 1320 hoc
1342 1267 1560 1320 fecisse.
1642 1267 1830 1319 Fidite
1884 1268 2009 1318 Deo
2064 1265 2315 1318 Domino

691 1360 888 1406 nostro
902 1370 915 1413 ;
1003 1371 1107 1406 nec
1168 1352 1424 1406 dubitate
1491 1352 1627 1421 quin
1680 1352 1727 1405 si
1786 1359 1974 1405 vestra
2035 1351 2315 1405 modestia

688 1446 828 1493 nota
872 1438 1038 1494 fuerit
1088 1439 1352 1494 omnibus
1381 1439 1726 1504 hominibu5,
1757 1438 2111 1509 impetraturi
2154 1437 2314 1491 facile

689 1526 813 1578 sitis
855 1526 1130 1596 quidquid
1174 1528 1246 1578 ad
1292 1526 1399 1578 Dei
1443 1525 1778 1595 obsequium
1822 1533 1878 1578 et
1921 1525 2161 1578 salutem
2198 1525 2312 1577 ani-

689 1630 910 1687 marum
953 1614 1246 1683 pertinens
1288 1613 1582 1683 petieritis.

763 1701 831 1752 In
871 1699 980 1753 hoc
1020 1700 1322 1753 manifeste
1362 1701 1532 1753 ambo
1571 1718 1673 1754 vos
1713 1708 1768 1753 et
1803 1700 1976 1753 vestri
2016 1701 2312 1753 amborum

689 1786 902 1840 similes
975 1787 1192 1851 erratis,
1259 1788 1411 1856 quod
1486 1787 1841 1840 arbitramini
1914 1787 2312 1841 auctoritatem

687 1877 839 1944 apud
893 1893 1092 1928 omnes
1145 1876 1452 1927 maximam
1499 1875 1620 1927 solo
1675 1875 1978 1930 Societatis
2027 1877 2164 1946 Jesu
2217 1894 2311 1927 no-

690 1961 860 2025 mine,
915 1969 1191 2031 tanquam
1257 1962 1617 2016 haereditario
1673 1962 1834 2016 vobis
1891 1963 2017 2031 jure
2068 1962 2313 2016 tribuen-

688 2050 840 2112 dam,
885 2057 1195 2119 antequam
1240 2068 1366 2101 eam
1411 2048 1632 2117 magnis
1669 2056 1724 2101 et
1762 2048 2072 2101 illustribus
2110 2047 2312 2101 demis-

687 2137 927 2191 sissimae
975 2136 1312 2191 humilitatis
1364 2137 1764 2206 experimentis
1808 2136 2160 2206 paraveritis·

763 2222 1168 2277 Recordamini
1199 2222 1461 2277 videlicet
1488 2222 1874 2277 venerationis
1910 2222 2175 2292 ingentis,
2205 2240 2315 2293 qua

689 2312 896 2365 summi
943 2312 1155 2381 pariter
1195 2319 1251 2364 et
1294 2311 1473 2364 infimi
1540 2313 1768 2364 Patrem
1830 2319 2088 2365 nostrum
2152 2312 2313 2381 Igna-

687 2399 831 2452 tium
878 2407 1317 2467 prosequuntur,
1365 2407 1419 2451 et
1468 2417 1693 2467 aequum
1747 2398 1992 2452 censetis
2042 2398 2164 2467 pari
2214 2415 2315 2452 vos

688 2505 722 2539 a
773 2486 992 2539 cunctis
1058 2485 1372 2538 reverentia
1425 2485 1662 2555 dignari,
1717 2485 2084 2554 quantumvis
2139 2484 2309 2538 virtu-

688 2581 812 2627 tum
865 2589 1060 2626 earum
1113 2573 1317 2641 quibus
1371 2573 1540 2625 istam
1602 2572 1692 2624 ille
1740 2572 2129 2641 dignationem
2189 2590 2312 2641 pro·

690 2660 913 2723 meruit,
980 2658 1195 2713 nullum
1266 2659 1578 2712 admodum
1644 2659 1933 2728 specimen
2005 2658 2312 2713 edideritiS.

689 2746 863 2816 Atqui
929 2754 1258 2816 oportuerat
1333 2746 1580 2816 primum
1647 2754 1799 2800 recte
1883 2746 2033 2801 facta
2107 2744 2314 2800 imitari

692 2833 877 2887 Patris
930 2833 1126 2896 nostri,
1174 2841 1229 2886 et
1275 2833 1367 2886 illa
1421 2833 1672 2886 aemulari
1726 2833 2071 2886 charismata
2126 2832 2312 2886 melio-

689 2939 769 2985 ra,
822 2939 948 2990 quae
1005 2921 1192 2973 Deum
1252 2920 1565 2972 Dominum
1630 2928 1929 2973 moverunt
1975 2920 2046 2973 ad
2093 2926 2312 2973 tantam

689 3008 739 3061 ei
810 3009 1235 3062 concedendam
1307 3009 1458 3076 apud
1529 3026 1699 3062 omne
1769 3026 1949 3077 genus
2018 3009 2313 3062 hominum

691 3097 953 3164 gratiam.
