2649 3754
443 321 549 385 236
797 332 979 369 LIBER
1015 330 1551 375 vn1.—EP15T0LA
1590 329 1717 369 vm.

435 468 524 520 vel
576 467 766 536 agenti
831 467 1141 536 quidquam
1195 467 1345 535 quod
1399 465 1492 529 illi,
1548 465 1611 529 si,
1667 467 1819 534 quod
1872 474 2061 535 potest

437 554 574 617 fieri,
620 561 675 607 et
718 561 779 606 tu
823 572 926 621 pro
969 560 1240 606 eventuro
1283 552 1446 615 habe,
1487 571 1519 604 a
1555 561 1612 605 te
1656 562 2062 618 averterentur,

437 642 775 710 exprobrare
829 641 953 709 jure
1014 647 1268 708 possent.
1349 641 1492 692 Haec
1550 639 1740 693 cautio
1800 658 1928 693 cum
1994 641 2068 693 ad

436 736 598 780 tuum
662 727 856 797 ipsiu5‚
911 734 1034 780 tum
1089 727 1160 779 ad
1219 744 1413 779 eorum
1468 744 1610 795 quos
1672 727 1880 779 excolis
1941 745 2065 794 pro-

437 814 647 866 fectum
693 814 986 882 permagni
1031 812 1305 865 momenti
1353 819 1457 865 est.

514 900 758 953 Peccata
812 897 1088 952 confessis
1142 916 1272 951 cum
1320 898 1734 968 significatione
1787 899 2065 968 poeniten·-

439 987 535 1040 tiae
579 995 633 1039 et
678 986 894 1038 absolvi
941 986 1326 1054 poscentibus,
1375 1004 1446 1037 ne
1493 1004 1712 1038 annuas
1759 994 2066 1055 antequam

442 1072 893 1124 satisfactionem
948 1072 1499 1140 repraesentaverint,
1555 1072 1612 1123 in
1664 1072 1870 1141 triplici
1927 1090 2067 1141 prae-

442 1159 637 1211 sertim
683 1177 906 1227 genere,
951 1158 1230 1221 odiorum,
1279 1176 1557 1221 amorum,
1603 1166 1657 1212 et
1701 1159 1928 1226 injustae
1974 1158 2067 1211 de—

441 1245 715 1297 tentionis
767 1261 953 1296 rerum
1008 1243 1177 1295 alieni
1223 1243 1383 1310 juris.
1469 1244 1614 1313 Jube
1668 1244 1822 1311 prius
1874 1262 2068 1296 recon-
2115 1300 2119 1302 μ

442 1330 633 1384 cilient
675 1330 864 1398 palam
910 1347 1038 1382 cum
1082 1329 1326 1382 inimicis
1367 1329 1628 1397 gratiam,
1674 1329 1872 1397 procul
1913 1347 2069 1381 amo-

440 1424 611 1470 veant
658 1415 995 1470 offendicula
1042 1415 1348 1483 pudicitiae,
1402 1416 1595 1483 inique
1641 1425 1920 1485 occupata
1972 1417 2068 1467 do-

444 1502 613 1554 minis
659 1511 957 1569 reponant,
1027 1503 1290 1569 expleant
1344 1504 1588 1571 denique
1635 1504 1681 1553 si
1729 1504 1863 1572 quid
1917 1503 2068 1557 aliud

441 1590 702 1657 praeverti
743 1590 814 1640 ad
855 1589 1221 1641 securitatem
1262 1589 1543 1657 expediat.
1611 1591 1733 1642 Nec
1780 1589 1900 1642 sola
1943 1606 2067 1658 pro-

442 1677 712 1730 missione
759 1675 1164 1746 defungantur3
1226 1693 1359 1729 nam
1413 1694 1541 1730 cum
1591 1675 1917 1730 hominibus
1970 1675 2067 1730 ho-

440 1782 565 1816 rum
619 1772 905 1816 tractuum
966 1771 1085 1817 tam
1148 1763 1428 1832 promptis
1491 1771 1545 1816 et
1610 1763 1936 1816 liberalibus
1996 1764 2069 1821 ad

440 1852 806 1920 obligandam
860 1852 1049 1914 fidem,
1104 1868 1275 1918 quam
1319 1850 1390 1902 ad
1435 1849 1838 1902 exsolvendam
1892 1850 2069 1902 tardis

442 1956 508 1990 ac
586 1937 868 2003 segnibuS,
952 1955 1080 1988 cum
1150 1935 1316 1987 arrha
1383 1936 1437 1986 in
1510 1954 1682 1987 manu
1751 1937 2069 2005 transigen-

442 2023 577 2075 dum
621 2030 726 2075 est.

518 2111 753 2179 (Quoad
794 2110 914 2179 ejus
953 2109 1137 2162 facere
1168 2111 1291 2162 Deo
1314 2109 1551 2178 juvante
1592 2109 1822 2178 poteriS,
1853 2110 1910 2164 id
1938 2118 2071 2179 ages

444 2206 503 2251 ut
555 2199 769 2250 bonum
824 2215 1033 2251 nomen
1087 2198 1433 2266 odoremque
1502 2196 1806 2251 Societatis
1858 2198 2071 2252 tuearis

442 2293 498 2338 et
545 2303 771 2354 augeaS,
820 2284 1037 2354 ingenti
1086 2284 1298 2338 scilicet
1351 2284 1690 2348 humilitate,
1746 2286 2069 2350 sanctitate,

442 2373 762 2426 animarum
815 2373 954 2436 zeIO,
1017 2372 1415 2442 laboribusque
1471 2390 1574 2441 pro
1627 2372 1708 2425 eis
1762 2372 2068 2442 susceptis;

444 2479 575 2513 nam
624 2461 718 2529 qui
762 2461 946 2513 eidem
994 2461 1380 2513 celebritatem
1433 2478 1544 2528 qua
1586 2461 1795 2529 gaudet
1842 2479 2070 2530 pepere-

442 2557 590 2611 runt,
633 2548 740 2601 hac
774 2548 994 2602 ratione
1034 2547 1257 2601 favente
1300 2548 1425 2600 Deo
1466 2556 1595 2600 sunt
1635 2567 1762 2600 eam
1803 2549 2069 2601 assecuti.

444 2636 574 2702 Ipse
602 2642 792 2688 tecum
836 2634 907 2687 sit
951 2653 1190 2701 semper.
1270 2636 1472 2685 Amen.
1535 2636 1662 2686 Goa
1705 2635 1795 2685 die
1840 2651 1890 2687 2.
1933 2637 2068 2703 Apr.

446 2724 641 2788 1552·)

588 2847 748 2899 Tuus
789 2846 845 2897 in
887 2844 1119 2897 Christo
1163 2846 1380 2896 Frater.

1597 2958 1998 3011 FRANCISCUS.

789 3108 1731 3138 ψὴ-

2486 1319 2620 1376 scrib

2508 1773 2607 1809 exe

2511 1859 2645 1895 omn

2516 1928 2649 1982 mini

2518 2024 2574 2068 te
2616 2030 2649 2064 e¹

2521 2102 2579 2155 in
2623 2098 2649 2151 k

2527 2186 2649 2242 dulc

2532 2275 2649 2330 dice

2536 2380 2644 2433 que

2539 2466 2649 2519 pers

2541 2546 2597 2590 te
2640 2555 2649 2569 ¹

2544 2640 2646 2691 pro

2552 2725 2649 2761 nor

2558 2898 2649 2932 exe

2563 2967 2649 3019 mi:

2569 3054 2649 3107 du‘
