2665 3754
666 307 771 375 448
885 321 1099 369 NOTES,
1141 322 1562 359 CORRECTIONS
1602 322 1681 360 ET
1719 322 2075 361 VARIANTES.

669 454 779 512 Pag.
807 466 874 508 53,
899 454 928 496 l.
956 466 1021 494 12.
1116 452 1250 510 Opus
1271 453 1459 495 fuerint.
1487 454 1610 496 Corr.
1633 453 1785 496 fuerit.

665 528 806 645 Pag.(
822 537 914 630 537,t
937 528 966 644 l).
1015 527 1083 570 18.
1146 526 1398 570 Solvimus.
1449 528 1570 569 Add.
1613 527 1661 569 in
1702 529 1865 570 eadem
1922 527 2132 585 proregis
2186 529 2296 573 navi

863 600 928 629 u.
972 619 982 629 .

663 661 773 717 Pag.
797 661 866 713 63,
892 662 921 703 l.
946 673 1015 702 22.
1081 659 1373 715 QuaerenteS.
1403 660 1526 703 Corr.
1549 667 1811 717 querentes.

668 734 778 791 Pag.
803 734 872 785 67.
897 734 926 777 l.
952 747 1021 786 24.
1082 733 1175 775 XII
1211 732 1408 776 Kalend.
1444 733 1661 777 Octobris
1698 734 1791 792 (20
1824 734 2149 791 Septembre).
2193 735 2295 780 Var.

787 795 837 836 18
875 794 1150 850 Septembre
1189 792 1389 850 (Cut.).

663 867 772 924 Pag.
798 877 866 919 70,
890 867 919 909 1.
946 867 1013 909 18.
1105 865 1224 909 Una.
1258 867 1363 910 Var.
1385 879 1480 910 uno
1505 865 1700 923 (Cut.).

663 941 773 999 Pag.
798 952 866 994 72,
890 941 918 982 l.
944 954 1012 993 25.
1104 940 1146 980 V
1168 939 1271 981 Kal.
1295 940 1528 983 Novemb.
1566 939 1655 997 (28
1679 939 1920 997 Octobre)
1958 954 2083 994 1542.
2188 943 2293 985 Var.

780 1000 1071 1051 Tuticurino,
1107 1013 1159 1053 23
1185 999 1299 1042 Maii
1337 1001 1462 1053 1843.
1509 999 1650 1056 (Cut.
1666 998 1701 1055 ).
1745 1000 1812 1043 Le
1834 1001 1951 1044 Pere
1986 1001 2293 1046 Menchiacha

778 1062 949 1116 adopte
982 1059 1160 1102 l’annee
1194 1072 1319 1111 1543.

664 1141 772 1198 Pag.
790 1151 866 1243 139,
891 1141 919 1182 l.
945 1150 1045 1244 {70
1076 1139 1197 1242 tXII
1222 1139 1418 1242 Kalgndt.
1449 1139 1667 1243 chstgis
1691 1139 1793 1243 (520
1811 1139 2125 1244 ξειρῖὲηἰὸῑθ)
2164 1153 2290 1195 1542.

779 1212 984 1304 ceciqtailiie
998 1274 1010 1313 ‚·
1039 1197 1506 1315 gepelr1³d4a3ngcglnigie
1535 1207 2291 1318 6116θρετῗιξῗἒῖῑῗερῖξοεῐὲθθῗῐρῗιῖἓ

781 1321 837 1362 de
863 1320 904 1361 la
926 1319 1075 1361 verite
1092 1332 1185 1375 que
1209 1319 1252 1360 la
1274 1318 1565 1375 precedente,
1581 1319 1672 1361 elle
1694 1332 1719 1360 a
1741 1319 1815 1361 ete
1838 1319 1953 1362 mise
1975 1332 2033 1362 en
2056 1326 2181 1363 cette
2197 1321 2293 1378 pla-

780 1392 832 1419 ce
855 1392 935 1433 par
959 1380 1002 1419 le
1025 1379 1075 1418 P.
1100 1379 1405 1419 Menchiacha
1426 1392 1435 1426 ;
1471 1378 1584 1418 mais
1607 1378 1639 1417 il
1662 1391 1688 1418 a
1711 1379 1845 1419 laisse
1876 1380 2100 1420 subsister
2123 1381 2166 1420 la
2187 1382 2292 1422 date

779 1436 962 1479 donnee
986 1450 1067 1492 par
1099 1435 1349 1489 Tursellin‚
1384 1436 1476 1477 XII
1499 1435 1602 1478 Kal.
1641 1435 1810 1479 Octob.
1838 1448 1964 1490 1542.

662 1510 773 1567 Pag.
797 1510 865 1563 85,
890 1509 919 1552 1.
948 1521 1014 1563 13.
1117 1508 1209 1551 XII
1233 1508 1337 1551 Kal.
1362 1507 1530 1554 Octob.
1556 1508 1648 1566 (20
1673 1508 1980 1567 Septembre)
2002 1522 2144 1564 1542.
2188 1511 2289 1558 Var.

782 1582 837 1612 20
860 1569 1117 1612 Decembre
1146 1581 1254 1622 1543
1283 1568 1425 1626 (Cut.
1443 1568 1481 1625 ).
1543 1569 1701 1612 Meme
1732 1569 2030 1613 observation
2050 1570 2157 1627 qu'a
2178 1570 2291 1614 l’ali-

780 1643 867 1672 nea
888 1628 1153 1685 precedent.

661 1712 770 1768 Pag.
795 1712 864 1762 86,
888 1712 917 1752 l.
952 1724 1019 1763 14.
1112 1710 1238 1752 Dans
1271 1710 1482 1752 l'edition
1506 1712 1562 1752 de
1585 1710 1798 1753 Louvain
1822 1712 1865 1752 la
1886 1713 2022 1754 lettre
2054 1726 2291 1756 commen-

776 1784 829 1814 ce
852 1784 932 1826 par
961 1777 1084 1813 cette
1106 1773 1333 1812 variante:
1364 1769 1526 1813 Gratia
1559 1777 1607 1812 et
1641 1784 1730 1826 pax
1749 1770 1860 1818 Jesu
1884 1770 2058 1814 Christi
2082 1772 2290 1817 Salvato-

778 1830 841 1873 ris
877 1829 1024 1874 nostri
1063 1829 1122 1873 sit
1159 1842 1343 1886 semper
1379 1829 1637 1882 vobiscum,
1675 1829 1973 1875 eto—Cum
2013 1831 2157 1888 elapsi
2196 1837 2289 1877 duo

779 1890 871 1933 sint
924 1890 1048 1941 anni,
1092 1902 1240 1946 eoque
1282 1890 1481 1946 amplius
1524 1903 1693 1932 novem
1738 1903 1934 1944 menses,
1979 1892 2104 1948 quod
2137 1905 2163 1933 a
2196 1892 2289 1935 Lu-

779 1949 945 1992 sitania
968 1948 1199 2006 petiturus
1224 1948 1402 1992 Indiam
1428 1948 1664 2001 solverim,
1686 1962 1737 1992 ac
1760 1955 1915 1993 ternas
1947 1951 2057 1993 dum
2082 1950 2129 1993 in
2154 1951 2288 1995 India

778 2023 896 2062 sum,
920 2010 976 2052 ad
999 2022 1083 2052 vos
1108 2009 1283 2052 litteras
1306 2008 1529 2063 dederim,
1552 2022 1578 2051 a
1600 2008 1734 2052 vobis
1769 2022 1881 2053 vero
1914 2023 2028 2053 unas
2066 2011 2290 2055 duntaxat

778 2068 1049 2126 receperim,
1072 2081 1177 2126 quae
1200 2068 1359 2111 Idibus
1380 2068 1588 2116 Januarii
1611 2069 1731 2111 datae
1758 2069 1847 2111 An.
1878 2080 2004 2123 1542,
2028 2069 2142 2112 mihi
2164 2083 2289 2114 nunc

780 2130 963 2170 duobus
985 2128 1152 2169 abhinc
1177 2128 1413 2169 mensibus
1435 2135 1544 2169 sunt
1566 2128 1786 2169 redditae:
1815 2128 1990 2170 diutius
2013 2129 2128 2170 mihi
2150 2129 2290 2173 silen-

698 2206 700 2209 >
779 2189 888 2231 dum
913 2200 1007 2230 non
1030 2186 1205 2244 putavi,
1227 2186 1341 2244 quin
1364 2188 1421 2230 de
1443 2186 1777 2243 propagatione
1799 2186 1920 2239 fidei,
1944 2187 2074 2245 cujus
2096 2187 2171 2232 hic
2196 2202 2288 2232 ma-

778 2259 869 2305 gna
890 2246 1177 2290 incrementa
1199 2246 1393 2304 largitur
1425 2245 1553 2289 Deus
1575 2245 1633 2290 O.
1657 2246 1736 2299 M.,
1759 2259 1810 2289 ac
1845 2246 2025 2290 ratione
2057 2246 2288 2292 instruen-

778 2307 823 2349 di
858 2306 1068 2349 rudiores
1102 2306 1149 2347 in
1186 2306 1275 2348 fide
1310 2319 1455 2362 pauca
1476 2307 1532 2348 ad
1554 2319 1639 2348 vos
1666 2305 2034 2349 transcriberem.
2082 2306 2288 2350 Scribam

778 2373 932 2409 autem
959 2366 1162 2423 ingenue
1184 2367 1240 2408 ad
1262 2379 1360 2417 vos,
1387 2365 1549 2408 fratres
1572 2364 1618 2407 in
1643 2364 1829 2409 Christo
1849 2365 1962 2414 Jesu
1984 2365 2287 2419 dilectissimi,

775 2440 882 2483 quae
904 2425 1117 2469 Christus
1152 2424 1382 2468 Dominus
1414 2425 1540 2468 hisce
1577 2424 1844 2468 novissimis
1878 2425 2169 2482 temporibus
2206 2440 2289 2484 per

778 2493 952 2529 nostrae
975 2485 1219 2529 Societatis
1242 2485 1403 2528 Patres
1436 2484 1653 2542 dignatus
1685 2491 1755 2527 est
1787 2485 1834 2527 in
1866 2485 2064 2528 salutem
2094 2485 2288 2530 humani

776 2545 960 2603 generis
1003 2545 1183 2602 operari
1225 2546 1351 2601 apud·
1389 2545 1545 2588 Indos.
1608 2544 1840 2588 Polliceor
1881 2551 2037 2589 autem
2078 2545 2193 2589 mihi
2229 2547 2288 2591 de

777 2612 932 2649 vestra
955 2604 1188 2663 aequitate,
1212 2605 1335 2663 quod
1366 2617 1458 2648 non
1494 2603 1542 2647 in
1573 2617 1707 2648 vanae
1737 2603 1900 2663 gloriae
1929 2605 2286 2663 aucupationem

778 2665 878 2708 sitis
913 2664 1279 2721 interpretaturi,
1323 2666 1714 2721 quemadmodum
1738 2664 1818 2721 qui
1855 2665 2028 2707 nullius
2065 2665 2154 2708 sibi
2194 2666 2288 2709 vir-

777 2725 892 2769 tutis
927 2724 1102 2768 conscii
1136 2738 1299 2768 omnes
1334 2737 1435 2768 esse
1472 2723 1544 2767 sui
1581 2723 1755 2768 similes
1792 2730 1969 2781 optant,
2006 2731 2086 2768 aut
2122 2725 2286 2770 saltem

778 2799 919 2841 opera
941 2785 1028 2828 Dei
1052 2784 1295 2841 magnifica
1321 2797 1403 2840 per
1437 2783 1552 2827 alios
1586 2790 1717 2840 gesta
1738 2784 2001 2836 obscurant,
2031 2791 2112 2828 aut
2147 2784 2287 2828 etiam

776 2845 962 2886 elevant
987 2843 1243 2886 malevole.
1279 2844 1359 2885 sed
1393 2842 1548 2899 potius
1581 2844 1705 2899 quod
1740 2856 1798 2885 ex
1832 2849 1962 2900 grata
1998 2842 2081 2900 (ut
2116 2842 2286 2901 spero)

778 2903 980 2946 lectione
1012 2902 1249 2945 materiam
1273 2902 1373 2945 sitis
1396 2901 1625 2957 arrepturi
1659 2902 1830 2958 gratias
1865 2902 2151 2946 misericordi
2185 2903 2287 2947 Deo

777 2961 960 3020 agendi.
1023 2961 1171 3019 Igitur
1194 2960 1424 3005 Dominus
1455 2960 1639 3013 Paulus,
1674 2960 1944 3005 Franciscus
1977 2961 2207 3015 Mansilla‚
2240 2967 2288 3005 et

777 3034 865 3078 ego
894 3021 1047 3065 bene
1036 3034 1083 3064 ln
1107 3020 1312 3065 Domino
1348 3021 1572 3064 valemus.
1625 3020 1799 3063 Paulus
1819 3020 1939 3064 Goae
1959 3020 2055 3078 agit
2077 3020 2125 3064 in
2147 3021 2287 3066 colle-

776 3080 854 3139 gio
903 3081 946 3126 S.
1000 3080 1130 3125 Fidei
1168 3079 1248 3124 ubi
1285 3085 1476 3124 strenue
1512 3092 1622 3124 sane
1656 3092 1741 3125 suo
1779 3079 1989 3139 fungitur
2026 3079 2194 3133 officio,
2233 3092 2285 3125 ac
