2649 3754
636 313 739 373 180
1017 328 1202 369 LIBER
1239 325 1773 374 VI11.—-EP1STOLA
1814 328 1877 367 11.

90 280 94 304 1

86 303 98 456 3

635 459 800 514 sedes
839 477 1054 523 eorum,
1095 468 1192 515 aut
1233 452 1394 530 cujus
1432 461 1671 532 imperio
1717 461 2105 531 improborum
2146 461 2262 515 ani-

88 559 99 612 3
638 545 714 598 mi
762 546 833 598 ad
880 545 1088 599 inferos
1141 547 1534 611 detrudantur,
1595 547 1863 601 ostendit.
1943 549 2090 600 Suos
2141 554 2263 600 tan-

90 613 101 670 i
636 641 761 686 tum
815 642 1076 685 auctores
1128 635 1463 702 praedicant,
1519 636 1632 703 qui,
1682 644 1741 687 ut
1790 635 1957 687 saluti
2010 634 2264 686 consule-

102 792 105 797 *
635 727 763 773 rent
804 718 1102 772 hominum
1145 720 1641 774 innumerabilium
1683 722 1849 774 nullis
1889 740 1991 773 sua
2029 728 2266 790 peccata

89 800 106 863 3
632 806 820 878 poenis
871 807 1240 878 expiantium,
1296 808 1694 862 acerbissimos
1740 826 1840 862 sua
1888 816 2090 879 sponte
2144 824 2263 864 cru-

90 861 107 940 i
635 893 818 949 ciatus
862 893 1136 948 subierint
1185 895 1543 964 maximeque
1592 896 1910 950 diuturnos

711 979 956 1033 Proinde
1036 980 1378 1035 confirmant
1458 1000 1555 1034 eos
1620 1000 1838 1045 omnes,
1913 981 2008 1052 qui
2082 980 2264 1035 nullas

634 1086 866 1124 suorum
932 1067 1268 1121 delictorum
1333 1088 1533 1138 poenas
1585 1069 1809 1132 luerint,
1869 1069 1915 1121 si
1979 1076 2262 1122 sectarum

632 1172 861 1208 suarum
914 1155 1200 1224 principes
1254 1155 1690 1224 conditoresque
1754 1155 2127 1224 implorarint,
2191 1154 2262 1206 ab

632 1241 898 1293 omnibus
951 1240 1333 1294 incommodis
1395 1241 1693 1294 liberatum
1752 1241 1845 1303 iri;
1906 1241 1985 1293 ita
2045 1249 2260 1317 gamen,

88 1321 115 1444 'l
630 1327 677 1382 si
727 1345 935 1397 magna
982 1327 1103 1395 ejus
1154 1326 1363 1380 fiducia
1416 1327 1860 1395 imploraverint,
1916 1344 2260 1395 omnemque

26 1475 28 1477 ,
626 1414 684 1470 in
738 1415 818 1468 eis
871 1433 1031 1484 spem
1094 1413 1449 1482 reposuerint
1513 1433 1693 1467 suam.
1791 1416 1871 1467 Ac
1923 1433 2257 1483 persuasum

26 1498 116 1583 W&
629 1501 842 1554 habent
883 1501 1000 1554 fore
1042 1510 1101 1554 ut
1143 1500 1229 1554 vel
1270 1520 1337 1553 ex
1376 1500 1513 1570 ipsis
1554 1500 1748 1553 inferis
1788 1501 2117 1554 eorumdem
2165 1502 2258 1554 de-

81 1544 116 1634 ξ’]
623 1588 954 1658 precatione
998 1588 1328 1658 eripiantur.
1411 1588 1523 1639 Sed
1566 1588 1673 1651 hae,
1722 1606 1863 1657 quas
1910 1588 2041 1650 dixi,
2091 1587 2257 1639 disci-

626 1674 795 1743 plinae
842 1674 1285 1728 innumerabiles
1333 1673 1551 1728 fabulas
1595 1681 1650 1727 et
1696 1674 1838 1728 mira
1882 1675 2145 1745 quaedam
2190 1675 2259 1727 de

6 1817 8 1819 ,
52 1786 84 1838 3}
622 1760 739 1813 suis
779 1760 1204 1813 institutoribus
1243 1759 1636 1827 perhibebant,
1667 1778 1793 1827 quae
1833 1759 2063 1827 longum
2105 1767 2254 1812 esset

26 1838 85 1861 ³
630 1865 929 1914 exponere.

698 1935 787 1984 Ex
839 1932 995 1984 hisce
1049 1933 1217 1984 sectis
1272 1932 1558 1984 nonnullae
1610 1940 1859 1994 trecena,
1917 1932 2040 1984 aliae
2094 1932 2254 1999 quin-

623 2035 769 2086 gena
815 2025 1101 2085 praecepta
1147 2017 1470 2079 continent;
1533 2035 1732 2069 omnes
1776 2025 1971 2070 tamen
2019 2035 2258 2070 consen-

621 2103 771 2157 tiunt
818 2104 1068 2173 quinque
1114 2112 1401 2172 praecepta
1453 2122 1577 2157 esse
1628 2104 1914 2174 praecipua
1967 2122 2032 2157 ac
2084 2103 2251 2173 plane

89 2188 122 2288 {513
628 2190 965 2244 necessaria.
1048 2190 1320 2254 Primum,
1367 2208 1480 2244 non
1527 2190 1921 2255 occidendum,
1967 2208 2072 2244 nec
2115 2190 2258 2245 occi-

89 2289 122 2346 3
629 2296 755 2331 sum
813 2278 1124 2348 quidquam
1188 2278 1635 2339 comedendum3
1702 2279 1960 2342 alterum,
2010 2296 2126 2331 non
2179 2278 2257 2331 fu-

113 2344 122 2413 i
629 2367 900 2427 randum3
966 2366 1242 2434 tertium„
1287 2384 1401 2418 non
1472 2365 1906 2429 moechandum;
1974 2373 2257 2435 quartum,

7 2522 10 2532 Ἀ
626 2472 742 2507 non
784 2453 1176 2506 mentiendum
1191 2472 1204 2514 3
1247 2460 1618 2522 postremum,
1662 2454 2063 2505 abstinendum
2103 2453 2253 2505 vino.

6 2533 80 2600 5³³3
626 2541 815 2611 Atque
861 2539 950 2595 hae
994 2539 1222 2610 quidem
1266 2539 1416 2609 leges
1459 2558 1795 2595 communes
1837 2547 1969 2595 sunt
2013 2539 2257 2610 discipli-

632 2646 835 2681 narum
880 2626 1154 2681 omnium.

702 2717 815 2769 Sed
855 2715 1044 2767 bonzii
1084 2722 1138 2767 et
1179 2714 1397 2767 bonziae
1431 2715 1501 2767 de
1542 2733 1771 2767 suarum
1812 2715 1999 2783 legum
2040 2714 2259 2767 ratione

91 2849 126 2884 «33
625 2804 797 2857 verba
837 2802 1111 2855 facientes
1151 2803 1223 2855 ad
1265 2802 1554 2872 populum,
1598 2803 1647 2855 ei
1690 2810 2090 2872 persuaserunt
2138 2800 2257 2853 fieri

81 2879 127 2983 33
626 2909 742 2944 non
795 2908 960 2959 posse
1013 2898 1074 2945 ut
1127 2890 1347 2959 profani
1404 2890 1681 2955 homineS‚
1736 2891 1965 2943 urbanis
2018 2890 2258 2959 negotiis

90 2940 127 3026 ii
622 2976 916 3046 implicati,
947 2976 1197 3046 quinque
1234 2976 1327 3031 illa
1362 2985 1649 3046 praecepta
1688 2986 1933 3031 servent.
2015 2977 2257 3031 Proinde

617 3073 890 3134 praestare
933 3083 992 3118 se
1038 3063 1177 3118 velle
1226 3064 1500 3135 quidquid
1547 3072 1784 3135 propter
1830 3084 2025 3119 earum
2071 3064 2256 3135 legum
