2712 3754
783 350 883 385 102
1189 345 1374 380 LIBER
1412 344 1515 379 VII.
1538 360 1610 365 —-
1632 344 1924 379 EPISTOLA
1966 345 2003 378 Ι.

781 480 974 551 studia
1014 478 1373 547 gratificandi
1418 480 1542 529 Deo
1585 479 1963 530 sanctissimae
2006 477 2276 528 Trinitati
2308 484 2422 528 stu—

783 566 1107 620 diosissime
1162 564 1643 633 cupidissimeque
1699 565 1980 638 offerunt.-

859 653 1042 705 Hi'sc'e'
1093 661 1207 704 >'nos
1263 660 1349 703 tot
1403 653 1694 719 tantisque
1748 652 2028 719 praesidiis
2082 652 2234 703 haud
2288 668 2472 718 pau-.

780 739 840 791 lo
907 738 1090 806 magis
1158 737 1473 790 excitamur
1540 738 1612 789 ad
1681 755 1841 804 spem
1910 736 2182 798 victoriae,
2254 753 2425 803 quam

784 826 1114 895 daemonum
1169 824 1389 875 insidiis
1445 843 1511 876 ac
1567 825 1736 876 minis
1791 825 2052 892 quamvis
2120 824 2314 877 multis
2361 841 2428 876 ac

782 911 1005 979 magnis
1071 912 1142 963 ab
1197 910 1305 962 hac
1361 911 1731 963 dimicatione
1796 912 2165 963 deterremur.
2247 909 2427 962 Nimi-

778 1015 903 1069 rum
969 996 1304 1049 stultissime
1358 994 1692 1059 faceremus,
1749 997 1794 1048 si
1851 1006 2046 1048 nostra
2103 997 2156 1047 vi
2210 1016 2276 1048 ac
2336 1016 2421 1048 sa·

783 1085 1001 1155 pientia
1074 1085 1403 1137 niteremur.
1486 1086 1596 1137 Sed
1672 1087 1828 1137 Deus
1901 1102 2003 1153 pro
2072 1101 2174 1138 sua
2244 1084 2427 1153 provi-

781 1172 976 1225 dentia
1016 1180 1245 1224 'tantos
1318 1180 1580 1233 terrore5‚
1656 1191 1957 1234 aerumnaS,
2032 1171 2283 1239 pericula
2358 1172 2428 1223 ab

787 1258 1055 1313 hostibus
1121 1259 1331 1328 opponi
1399 1277 1467 1312 eo
1533 1259 1794 1313 videlicet
1878 1259 2030 1322 sinit,
2087 1267 2147 1312 ut
2202 1266 2430 1313 nostros

786 1347 1019 1416 spiritus
1091 1346 1334 1414 frangat,
1409 1346 1634 1400 animos
1726 1347 2012 1409 demittat,
2087 1366 2305 1416 nosque
2357 1347 2430 1399 ad

785 1433 1227 1507 submissionem
1277 1433 1453 1485 animi
1500 1433 1999 1503 humilitatemque
2047 1433 2296 1496 erudiat;
2361 1451 2430 1485 ne

788 1521 922 1590 quid
994 1529 1245 1589 unquam
1303 1521 1360 1573 in
1418 1530 1711 1588 posterum
1785 1529 1981 1574 nostro
2036 1520 2276 1574 consilio
2330 1520 2429 1572 sed
2465 1527 2475 1572 J

786 1606 982 1683 divino
1019 1606 1186 1675 plane
1233 1606 1501 1675 praesidio
1549 1608 1924 1659 confidamus.
2006 1610 2131 1679 Qua
2197 1607 2428 1675 quidem

786 1695 877 1746 ille
925 1694 982 1745 in
1035 1705 1094 1745 re
1148 1703 1203 1746 et
1258 1712 1418 1745 suam
1474 1695 1890 1763 benignitatem
1946 1702 2000 1746 et
2075 1694 2253 1746 nostri
2314 1711 2427 1745 me-

790 1780 1032 1833 moriam
1105 1779 1268 1833 facile
1329 1780 1614 1842 declarat3
1688 1790 1915 1834 nostros
1984 1783 2135 1834 enirn
2204 1782 2428 1834 animos

783 1868 1153 1922 interioribus
1226 1869 1527 1937 praeceptis
1601 1870 1766 1921 docet
1868 1887 2037 1939 quam
2114 1869 2254 1922 nihil
2330 1886 2429 1938 per

786 1974 891 2009 nos
946 1955 1053 2024 ipsi
1107 1955 1417 2017 valeamuS,
1474 1974 1601 2007 cum
1661 1957 1876 2023 patitur
1930 1957 2155 2009 animos
2203 1966 2431 2009 nostros

782 2044 971 2114 parvis
1024 2062 1176 2113 saepe
1230 2043 1612 2096 incommodis
1668 2064 1733 2097 ac
1787 2046 2049 2113 periculis
2113 2045 2423 2108 sollicitari,

786 2150 857 2185 ne
923 2131 1089 2184 nobis
1154 2131 1260 2200 ipsi
1315 2132 1558 2184 fidentes
1614 2133 1815 2201 optimi
1872 2134 2129 2202 parentis
2184 2133 2429 2202 negliga-

784 2233 910 2273 mus
954 2219 1243 2272 auxilium.
1326 2221 1476 2271 Nam
1522 2221 1567 2272 si
1614 2221 1708 2287 qui
1755 2222 1839 2272 sui
1885 2221 2093 2273 fiducia
2135 2221 2429 2287 quidpiam

787 2306 1215 2375 aggrediuntur,
1273 2305 1360 2357 his
1415 2325 1566 2375 saepe
1600 2326 1794 2375 -parva
1849 2308 2264 2376 impedimenta
2311 2326 2427 2360 mo-

723 2394 1015 2452 ‚lestiora
1094 2411 1159 2447 ac
1239 2394 1554 2446 difficiliora
1634 2402 1763 2447 sunt
1857 2395 1928 2448 ad
2019 2395 2425 2464 superandum,

782 2500 955 2553 quam
1020 2482 1106 2535 vel
1174 2482 1422 2534 maxima
1488 2483 1736 2551 pericula
1802 2491 1856 2536 et
1912 2483 2270 2535 calamitates
2335 2483 2420 2545 iis,

787 2570 883 2639 qui
964 2570 1071 2622 sibi
1152 2570 1389 2622 omnino
1469 2571 1633 2622 diffisi
1713 2589 1871 2637 spem
1954 2589 2185 2622 omnem
2266 2589 2424 2622 suam

788 2658 1040 2726 positam
1095 2657 1309 2710 habent
1365 2658 1422 2708 in
1485 2660 1627 2709 Deo.

860 2742 1056 2812 Magni
1110 2743 1181 2795 ad
1237 2743 1505 2796 solatium
1560 2751 1819 2797 nostrum
1869 2742 2039 2796 refert
2087 2761 2188 2796 vos
2240 2743 2428 2812 gravis

784 2831 1085 2900 cujusdam
1156 2839 1367 2884 nostrae
1441 2848 1589 2883 curae
1663 2848 1728 2883 ac
1800 2831 2200 2884 sollicitudinis
2274 2831 2426 2899 igna-

782 2936 877 2973 ros
929 2936 1044 2971 non
1099 2936 1239 2981 esse,
1297 2936 1409 2986 quo
1463 2936 1567 2970 nos
1619 2917 1821 2970 vestris
1875 2917 1960 2969 vel
2015 2917 2279 2985 precibus
2336 2915 2423 2969 vel

785 3006 1077 3058 sacrificiis
1145 3005 1445 3073 adjuvetis.
1528 3007 1678 3055 Nam
1749 3022 1877 3056 cum
1954 3007 2141 3056 Deum
2214 3005 2423 3057 delicta

785 3100 982 3147 nostra
1050 3101 1105 3145 et
1174 3092 1353 3144 multa
1425 3099 1479 3143 et
1553 3109 1760 3157 magna
1833 3109 1945 3141 non
2019 3091 2254 3153 lateant,
2329 3090 2422 3141 illa
