2639 3798
512 367 695 404 LIBER
733 367 860 402 VIII.
883 381 954 387 —-
975 367 1271 403 EPISTOLA
1309 368 1436 403 VIII.
1695 369 1796 418 231

158 501 422 555 efficaciae
468 501 683 556 talento
730 509 882 556 recte
928 503 999 556 ad
1049 503 1133 556 sui
1181 504 1452 572 ipsorum,
1502 511 1556 556 et
1605 503 1783 556 homi-

159 607 292 641 num
359 589 562 658 quibus
629 589 896 657 juvandis
961 598 1184 651 vacant,
1253 589 1494 643 salutem
1561 607 1779 643 usuros.

158 678 314 743 Quos
366 686 557 728 autem
611 677 688 728 ita
741 685 1103 743 comparatos
1158 676 1354 738 cernit,
1412 685 1472 728 ut
1514 675 1780 738 fructum,

160 761 204 814 si
238 779 405 829 quem
447 780 513 815 ex
552 763 666 815 suis
708 762 1035 815 ministeriis
1077 762 1336 824 referent,
1379 763 1451 815 ad
1492 763 1779 831 propriam

155 848 457 902 derivaturi
505 848 881 917 jactationem
936 848 1065 912 sint,
1122 849 1325 903 merito
1380 849 1615 902 mulctat
1671 849 1783 902 ista

153 936 350 1005 gratia,
401 955 515 989 non
560 945 786 989 vertens
830 936 886 988 in
931 955 1026 989 eos
1057 936 1261 990 vstudia
1308 935 1625 999 hominum,
1675 954 1779 989 nec

154 1021 402 1089 aspirare
448 1023 515 1075 iis
561 1041 593 1075 a
638 1023 813 1091 puppi
861 1023 1052 1075 sinens
1099 1041 1296 1076 auram
1343 1022 1550 1075 favoris
1604 1042 1781 1092 popu-

156 1108 304 1172 lariS,
375 1128 444 1162 ne
498 1109 649 1162 dona
703 1108 808 1162 Dei
863 1116 1304 1162 contemnantur
1356 1110 1638 1177 imputata
1689 1127 1782 1162 co-

153 1195 379 1246 natibus
422 1195 685 1247 humanae
726 1195 1036 1257 industriae,
1083 1203 1138 1247 et
1184 1195 1511 1247 discrimine
1555 1194 1779 1247 sublato

154 1283 495 1334 Sanctorum
565 1290 619 1334 et
687 1280 1169 1349 imperfectorum,
1238 1281 1414 1350 tepidi
1469 1299 1534 1334 ac
1589 1280 1779 1334 minus

151 1369 399 1421 accurati
443 1369 500 1420 in
545 1369 651 1420 Dei
697 1368 987 1436 obsequi0‚
1038 1367 1298 1420 mendaci
1346 1367 1611 1436 suffragio
1655 1385 1776 1420 suc-

152 1471 413 1507 cessuum
457 1462 511 1507 et
554 1454 693 1507 falso
737 1453 902 1507 famae
947 1454 1234 1523 praeconio
1278 1454 1333 1505 in
1378 1453 1626 1522 speciem
1672 1453 1777 1505 vir-

152 1539 289 1594 tutis
331 1540 623 1610 exquisitae
669 1540 979 1604 subornati,
1026 1540 1301 1593 honorem
1345 1539 1617 1609 operariis
1651 1558 1780 1592 vere

158 1629 486 1697 apostolicis
550 1628 803 1681 debitum
858 1648 891 1681 a
942 1628 1103 1696 plebe
1187 1629 1531 1697 imprudenti
1587 1646 1785 1682 conse-

160 1725 426 1786 quantur.

224 1805 311 1856 Tu
352 1805 543 1874 itaque
584 1804 671 1856 fac
714 1804 984 1856 Divinum
1029 1805 1255 1856 Numen
1296 1803 1566 1857 continue
1605 1811 1778 1872 atque

151 1889 429 1945 instanter
468 1909 610 1956 oreS,
653 1899 713 1946 ut
753 1891 853 1945 tibi
896 1909 1062 1944 sensu
1107 1892 1316 1944 mentis
1356 1891 1559 1944 intimo
1610 1910 1779 1944 nosse

149 1978 377 2042 tribuat,
423 1997 548 2049 quae
591 1997 876 2049 quamque
918 1980 1110 2048 gravia
1153 1998 1220 2032 ex
1252 1988 1308 2032 te
1338 1979 1633 2032 obstacula
1677 1998 1773 2048 op-

148 2083 328 2134 ponas
374 2065 718 2135 profectibus
764 2066 1078 2136 Evangelii,
1130 2066 1447 2135 impediens
1492 2066 1631 2119 vitio
1674 2074 1774 2120 tuo

148 2171 218 2205 ne
273 2153 429 2206 Deus
482 2161 756 2222 quantam
809 2153 974 2207 vellet
1028 2154 1113 2207 sui
1167 2154 1429 2208 notitiam
1484 2153 1777 2223 indulgeat

148 2241 240 2291 isti
274 2260 442 2308 quem
482 2241 627 2292 male
670 2260 833 2293 curas
875 2241 1102 2308 populo,
1144 2241 1233 2294 cui
1277 2241 1492 2296 seilicet
1535 2242 1609 2296 ad
1654 2258 1776 2310 per-

147 2328 501 2378 suadendum
543 2346 668 2395 quae
708 2346 851 2394 opus
891 2336 994 2388 est,
1043 2326 1383 2379 auctoritate
1430 2326 1638 2381 idonea
1682 2328 1775 2381 de-

149 2413 401 2468 stituaris
462 2423 561 2467 tua
613 2414 794 2483 culpa,
844 2415 995 2483 quod
1042 2414 1194 2465 istud
1241 2413 1367 2465 coeli
1415 2432 1623 2465 munus
1670 2411 1775 2466 fer-

148 2517 281 2553 vore
327 2518 393 2553 ac
437 2500 708 2554 fidelitate
751 2500 957 2553 debitis
1001 2517 1114 2552 non
1159 2501 1553 2569 promerueris,

220 2587 465 2656 Quando
518 2587 682 2640 statis
736 2586 990 2656 quotidie
1042 2587 1412 2655 temporibuS‚
1462 2588 1625 2655 juxta
1677 2603 1774 2639 no-

146 2681 276 2726 strae
331 2673 634 2726 Societatis
688 2691 870 2736 usum,
926 2673 1181 2727 actiones
1233 2679 1361 2726 tuas
1406 2674 1478 2726 ad
1525 2673 1773 2727 calculos

144 2776 393 2822 revocaS,
438 2760 730 2829 inquirens
772 2759 976 2827 ecquid
1019 2759 1076 2810 in
1121 2759 1188 2811 iis
1225 2777 1445 2826 pecceS,
1491 2777 1562 2812 ne
1604 2760 1772 2813 omit-

143 2853 231 2899 tas
272 2848 625 2899 severissime
667 2847 948 2898 discutere
988 2845 1471 2915 quemadmodum
1514 2853 1580 2920 ter
1609 2863 1773 2915 geras

143 2930 199 2984 in
264 2933 760 2985 administratione
835 2933 1007 2985 Verbi
1081 2933 1187 2984 Dei
1253 2951 1320 2984 ex
1383 2932 1773 2985 ecclesiastico

142 3018 380 3087 pulpit0‚
422 3020 765 3072 sacramenti
820 3020 1180 3072 Poenitentiae
1216 3038 1245 3070 e
1280 3037 1441 3071 sacro
1481 3020 1771 3082 tribunali,

143 3102 200 3155 in
252 3106 590 3174 promiscuis
642 3106 885 3178 denique
939 3106 1293 3160 sermonibus
1349 3123 1416 3158 ac
1462 3123 1770 3173 congressu
