<?xml version="1.0" encoding="UTF-8"?>
<!DOCTYPE html PUBLIC "-//W3C//DTD XHTML 1.0 Transitional//EN"
    "http://www.w3.org/TR/xhtml1/DTD/xhtml1-transitional.dtd">
<html xmlns="http://www.w3.org/1999/xhtml" xml:lang="en" lang="en">
 <head>
  <title>
</title>
<meta http-equiv="Content-Type" content="text/html;charset=utf-8" />
  <meta name='ocr-system' content='tesseract 3.04.00' />
  <meta name='ocr-capabilities' content='ocr_page ocr_carea ocr_par ocr_line ocrx_word'/>
</head>
<body>
  <div class='ocr_page' id='page_1' title='image "./pts_epistolae_3720-0638_v2/pts_epistolae_3720-0638_v2_0017.png"; bbox 0 0 2712 3754; ppageno 0'>
   <div class='ocr_carea' id='block_1_1' title="bbox 0 0 313 3744">
    <p class='ocr_par' dir='ltr' id='par_1_1' title="bbox 0 0 313 3744">
     <span class='ocr_line' id='line_1_1' title="bbox 0 0 313 3744; baseline 0 0"><span class='ocrx_word' id='word_1_1' title='bbox 0 0 313 3744; x_wconf 95' lang='lat' dir='ltr'><strong> </strong></span> 
     </span>
    </p>
   </div>
   <div class='ocr_carea' id='block_1_2' title="bbox 805 323 2028 390">
    <p class='ocr_par' dir='ltr' id='par_1_2' title="bbox 805 323 2028 390">
     <span class='ocr_line' id='line_1_2' title="bbox 805 323 2028 390; baseline 0.002 -20"><span class='ocrx_word' id='word_1_2' title='bbox 805 323 838 378; x_wconf 83' lang='lat'>8</span> <span class='ocrx_word' id='word_1_3' title='bbox 1219 333 1403 371; x_wconf 80' lang='lat' dir='ltr'>LIBER</span> <span class='ocrx_word' id='word_1_4' title='bbox 1439 334 1927 390; x_wconf 65' lang='lat' dir='ltr'><strong>v1‚—EP15TOLA</strong></span> <span class='ocrx_word' id='word_1_5' title='bbox 1967 336 2028 372; x_wconf 90' lang='lat'><strong>11.</strong></span> 
     </span>
    </p>
   </div>
   <div class='ocr_carea' id='block_1_3' title="bbox 786 468 2461 3144">
    <p class='ocr_par' dir='ltr' id='par_1_3' title="bbox 796 468 2461 800">
     <span class='ocr_line' id='line_1_3' title="bbox 796 468 2440 539; baseline 0.001 -16"><span class='ocrx_word' id='word_1_6' title='bbox 796 470 1000 523; x_wconf 89' lang='lat' dir='ltr'><strong>litteris</strong></span> <span class='ocrx_word' id='word_1_7' title='bbox 1058 488 1087 521; x_wconf 93' lang='lat' dir='ltr'>e</span> <span class='ocrx_word' id='word_1_8' title='bbox 1142 468 1390 539; x_wconf 86' lang='lat' dir='ltr'><strong>Japonia</strong></span> <span class='ocrx_word' id='word_1_9' title='bbox 1443 469 1634 522; x_wconf 90' lang='lat' dir='ltr'><strong>relatis</strong></span> <span class='ocrx_word' id='word_1_10' title='bbox 1692 471 2060 534; x_wconf 82' lang='lat' dir='ltr'><strong>constitisset,</strong></span> <span class='ocrx_word' id='word_1_11' title='bbox 2123 479 2276 525; x_wconf 92' lang='lat' dir='ltr'><strong>recte</strong></span> <span class='ocrx_word' id='word_1_12' title='bbox 2335 489 2440 525; x_wconf 90' lang='lat' dir='ltr'><strong>nos</strong></span> 
     </span>
     <span class='ocr_line' id='line_1_4' title="bbox 799 556 2439 626; baseline 0.001 -16"><span class='ocrx_word' id='word_1_13' title='bbox 799 557 928 611; x_wconf 88' lang='lat' dir='ltr'><strong>illuc</strong></span> <span class='ocrx_word' id='word_1_14' title='bbox 980 556 1152 609; x_wconf 89' lang='lat' dir='ltr'><strong>fuisse</strong></span> <span class='ocrx_word' id='word_1_15' title='bbox 1205 557 1523 624; x_wconf 88' lang='lat' dir='ltr'><strong>perductos</strong></span> <span class='ocrx_word' id='word_1_16' title='bbox 1570 556 1733 624; x_wconf 84' lang='lat' dir='ltr'><strong>juxta</strong></span> <span class='ocrx_word' id='word_1_17' title='bbox 1778 566 1964 625; x_wconf 87' lang='lat' dir='ltr'><strong>pacta,</strong></span> <span class='ocrx_word' id='word_1_18' title='bbox 2014 557 2222 625; x_wconf 86' lang='lat' dir='ltr'><strong>conjux</strong></span> <span class='ocrx_word' id='word_1_19' title='bbox 2267 575 2439 626; x_wconf 89' lang='lat' dir='ltr'><strong>quam</strong></span> 
     </span>
     <span class='ocr_line' id='line_1_5' title="bbox 803 642 2438 713; baseline 0.001 -17"><span class='ocrx_word' id='word_1_20' title='bbox 803 642 1165 713; x_wconf 77' lang='lat' dir='ltr'>relinquebat</span> <span class='ocrx_word' id='word_1_21' title='bbox 1212 642 1467 706; x_wconf 80' lang='lat' dir='ltr'><strong>Malacae,</strong></span> <span class='ocrx_word' id='word_1_22' title='bbox 1513 652 1567 695; x_wconf 95' lang='lat' dir='ltr'><strong>et</strong></span> <span class='ocrx_word' id='word_1_23' title='bbox 1612 643 1887 713; x_wconf 88' lang='lat' dir='ltr'><strong>quidquid</strong></span> <span class='ocrx_word' id='word_1_24' title='bbox 1930 643 1986 694; x_wconf 93' lang='lat' dir='ltr'><strong>in</strong></span> <span class='ocrx_word' id='word_1_25' title='bbox 2036 644 2314 696; x_wconf 86' lang='lat' dir='ltr'><strong>Lusitana</strong></span> <span class='ocrx_word' id='word_1_26' title='bbox 2359 645 2438 697; x_wconf 91' lang='lat' dir='ltr'><strong>di-</strong></span> 
     </span>
     <span class='ocr_line' id='line_1_6' title="bbox 800 731 2461 800; baseline -0.001 -14"><span class='ocrx_word' id='word_1_27' title='bbox 800 731 957 786; x_wconf 86' lang='lat' dir='ltr'>tione</span> <span class='ocrx_word' id='word_1_28' title='bbox 1009 731 1358 800; x_wconf 78' lang='lat' dir='ltr'><strong>possidebat,</strong></span> <span class='ocrx_word' id='word_1_29' title='bbox 1412 731 1550 785; x_wconf 88' lang='lat' dir='ltr'><strong>fisco</strong></span> <span class='ocrx_word' id='word_1_30' title='bbox 1599 731 2038 799; x_wconf 80' lang='lat' dir='ltr'><strong>manciparetur.</strong></span> <span class='ocrx_word' id='word_1_31' title='bbox 2458 739 2461 740; x_wconf 72' lang='grc'>’</span> 
     </span>
    </p>

    <p class='ocr_par' dir='ltr' id='par_1_4' title="bbox 801 815 2435 1493">
     <span class='ocr_line' id='line_1_7' title="bbox 876 815 2429 886; baseline 0 -16"><span class='ocrx_word' id='word_1_32' title='bbox 876 816 1157 871; x_wconf 80' lang='lat' dir='ltr'><strong>Praeterea</strong></span> <span class='ocrx_word' id='word_1_33' title='bbox 1198 836 1302 869; x_wconf 92' lang='lat' dir='ltr'><strong>nos</strong></span> <span class='ocrx_word' id='word_1_34' title='bbox 1342 815 1493 869; x_wconf 90' lang='lat' dir='ltr'><strong>idem</strong></span> <span class='ocrx_word' id='word_1_35' title='bbox 1534 815 1836 886; x_wconf 83' lang='lat' dir='ltr'><strong>praefectus</strong></span> <span class='ocrx_word' id='word_1_36' title='bbox 1877 815 2097 870; x_wconf 91' lang='lat' dir='ltr'><strong>cunctis</strong></span> <span class='ocrx_word' id='word_1_37' title='bbox 2149 817 2317 870; x_wconf 88' lang='lat' dir='ltr'><strong>rebus</strong></span> <span class='ocrx_word' id='word_1_38' title='bbox 2357 819 2429 870; x_wconf 89' lang='lat' dir='ltr'><strong>ad</strong></span> 
     </span>
     <span class='ocr_line' id='line_1_8' title="bbox 802 905 2435 976; baseline 0 -19"><span class='ocrx_word' id='word_1_39' title='bbox 802 905 1225 973; x_wconf 87' lang='lat' dir='ltr'><strong>navigationem</strong></span> <span class='ocrx_word' id='word_1_40' title='bbox 1279 905 1447 956; x_wconf 88' lang='lat' dir='ltr'><strong>istam</strong></span> <span class='ocrx_word' id='word_1_41' title='bbox 1514 923 1690 974; x_wconf 91' lang='lat' dir='ltr'><strong>usque</strong></span> <span class='ocrx_word' id='word_1_42' title='bbox 1756 908 2057 976; x_wconf 87' lang='lat' dir='ltr'><strong>Japonem,</strong></span> <span class='ocrx_word' id='word_1_43' title='bbox 2117 913 2174 958; x_wconf 94' lang='lat' dir='ltr'><strong>et</strong></span> <span class='ocrx_word' id='word_1_44' title='bbox 2231 906 2304 958; x_wconf 88' lang='lat' dir='ltr'><strong>ad</strong></span> <span class='ocrx_word' id='word_1_45' title='bbox 2360 906 2435 957; x_wconf 90' lang='lat' dir='ltr'><strong>ibi</strong></span> 
     </span>
     <span class='ocr_line' id='line_1_9' title="bbox 803 989 2434 1059; baseline -0.001 -14"><span class='ocrx_word' id='word_1_46' title='bbox 803 990 1153 1045; x_wconf 89' lang='lat' dir='ltr'><strong>domicilium</strong></span> <span class='ocrx_word' id='word_1_47' title='bbox 1232 990 1540 1058; x_wconf 86' lang='lat' dir='ltr'><strong>figendum,</strong></span> <span class='ocrx_word' id='word_1_48' title='bbox 1621 989 1972 1053; x_wconf 81' lang='lat' dir='ltr'><strong>necessariiS,</strong></span> <span class='ocrx_word' id='word_1_49' title='bbox 2057 989 2434 1059; x_wconf 88' lang='lat' dir='ltr'><strong>providentis-</strong></span> 
     </span>
     <span class='ocr_line' id='line_1_10' title="bbox 804 1077 2435 1147; baseline -0.001 -16"><span class='ocrx_word' id='word_1_50' title='bbox 804 1078 946 1136; x_wconf 87' lang='lat' dir='ltr'><strong>sime</strong></span> <span class='ocrx_word' id='word_1_51' title='bbox 998 1095 1063 1130; x_wconf 90' lang='lat' dir='ltr'><strong>ac</strong></span> <span class='ocrx_word' id='word_1_52' title='bbox 1115 1077 1506 1129; x_wconf 89' lang='lat' dir='ltr'><strong>liberalissime</strong></span> <span class='ocrx_word' id='word_1_53' title='bbox 1577 1077 1859 1129; x_wconf 83' lang='lat' dir='ltr'><strong>instruxit.</strong></span> <span class='ocrx_word' id='word_1_54' title='bbox 1942 1079 2233 1146; x_wconf 90' lang='lat' dir='ltr'><strong>Impendit</strong></span> <span class='ocrx_word' id='word_1_55' title='bbox 2273 1079 2435 1147; x_wconf 45' lang='lat' dir='ltr'><strong>,quin</strong></span> 
     </span>
     <span class='ocr_line' id='line_1_11' title="bbox 803 1163 2432 1217; baseline 0 0"><span class='ocrx_word' id='word_1_56' title='bbox 803 1164 976 1217; x_wconf 91' lang='lat' dir='ltr'><strong>etiam</strong></span> <span class='ocrx_word' id='word_1_57' title='bbox 1046 1181 1312 1215; x_wconf 90' lang='lat' dir='ltr'><strong>nummos</strong></span> <span class='ocrx_word' id='word_1_58' title='bbox 1365 1182 1567 1215; x_wconf 86' lang='lat' dir='ltr'><strong>aureos</strong></span> <span class='ocrx_word' id='word_1_59' title='bbox 1621 1164 1897 1215; x_wconf 90' lang='lat' dir='ltr'><strong>ducentos</strong></span> <span class='ocrx_word' id='word_1_60' title='bbox 1950 1163 2007 1215; x_wconf 98' lang='lat' dir='ltr'><strong>in</strong></span> <span class='ocrx_word' id='word_1_61' title='bbox 2063 1182 2299 1217; x_wconf 90' lang='lat' dir='ltr'><strong>munera</strong></span> <span class='ocrx_word' id='word_1_62' title='bbox 2352 1163 2432 1217; x_wconf 88' lang='lat' dir='ltr'><strong>of-</strong></span> 
     </span>
     <span class='ocr_line' id='line_1_12' title="bbox 804 1250 2427 1320; baseline 0 -16"><span class='ocrx_word' id='word_1_63' title='bbox 804 1250 1035 1309; x_wconf 89' lang='lat' dir='ltr'><strong>ferenda</strong></span> <span class='ocrx_word' id='word_1_64' title='bbox 1098 1250 1213 1318; x_wconf 84' lang='lat' dir='ltr'><strong>regi</strong></span> <span class='ocrx_word' id='word_1_65' title='bbox 1276 1250 1558 1320; x_wconf 85' lang='lat' dir='ltr'><strong>Japoniae,</strong></span> <span class='ocrx_word' id='word_1_66' title='bbox 1626 1268 1737 1318; x_wconf 92' lang='lat' dir='ltr'><strong>quo</strong></span> <span class='ocrx_word' id='word_1_67' title='bbox 1791 1268 1920 1302; x_wconf 93' lang='lat' dir='ltr'><strong>eum</strong></span> <span class='ocrx_word' id='word_1_68' title='bbox 1973 1251 2277 1304; x_wconf 90' lang='lat' dir='ltr'><strong>conciliare</strong></span> <span class='ocrx_word' id='word_1_69' title='bbox 2329 1270 2427 1304; x_wconf 92' lang='lat' dir='ltr'><strong>no-</strong></span> 
     </span>
     <span class='ocr_line' id='line_1_13' title="bbox 801 1336 2430 1407; baseline -0.001 -18"><span class='ocrx_word' id='word_1_70' title='bbox 801 1336 905 1401; x_wconf 85' lang='lat' dir='ltr'><strong>bis,</strong></span> <span class='ocrx_word' id='word_1_71' title='bbox 969 1345 1024 1389; x_wconf 90' lang='lat' dir='ltr'><strong>et</strong></span> <span class='ocrx_word' id='word_1_72' title='bbox 1086 1336 1395 1406; x_wconf 88' lang='lat' dir='ltr'><strong>propitium</strong></span> <span class='ocrx_word' id='word_1_73' title='bbox 1462 1336 1670 1387; x_wconf 90' lang='lat' dir='ltr'><strong>habere</strong></span> <span class='ocrx_word' id='word_1_74' title='bbox 1723 1336 1780 1387; x_wconf 88' lang='lat' dir='ltr'><strong>in</strong></span> <span class='ocrx_word' id='word_1_75' title='bbox 1837 1336 2133 1406; x_wconf 85' lang='lat' dir='ltr'><strong>Evangelii</strong></span> <span class='ocrx_word' id='word_1_76' title='bbox 2185 1337 2430 1407; x_wconf 91' lang='lat' dir='ltr'><strong>promul-</strong></span> 
     </span>
     <span class='ocr_line' id='line_1_14' title="bbox 803 1424 1387 1493; baseline -0.002 -16"><span class='ocrx_word' id='word_1_77' title='bbox 803 1424 1031 1493; x_wconf 86' lang='lat' dir='ltr'><strong>gatione</strong></span> <span class='ocrx_word' id='word_1_78' title='bbox 1083 1425 1387 1492; x_wconf 67' lang='lat' dir='ltr'><strong>possimus</strong></span> 
     </span>
    </p>

    <p class='ocr_par' dir='ltr' id='par_1_5' title="bbox 801 1509 2432 2011">
     <span class='ocr_line' id='line_1_15' title="bbox 879 1509 2432 1580; baseline 0 -18"><span class='ocrx_word' id='word_1_79' title='bbox 879 1511 1037 1562; x_wconf 90' lang='lat' dir='ltr'><strong>Imus</strong></span> <span class='ocrx_word' id='word_1_80' title='bbox 1090 1510 1362 1563; x_wconf 92' lang='lat' dir='ltr'><strong>continuo</strong></span> <span class='ocrx_word' id='word_1_81' title='bbox 1415 1529 1581 1562; x_wconf 89' lang='lat' dir='ltr'><strong>cursu</strong></span> <span class='ocrx_word' id='word_1_82' title='bbox 1623 1510 1679 1561; x_wconf 90' lang='lat' dir='ltr'><strong>in</strong></span> <span class='ocrx_word' id='word_1_83' title='bbox 1718 1512 2021 1580; x_wconf 90' lang='lat' dir='ltr'><strong>Japonem,</strong></span> <span class='ocrx_word' id='word_1_84' title='bbox 2064 1510 2185 1563; x_wconf 91' lang='lat' dir='ltr'><strong>sine</strong></span> <span class='ocrx_word' id='word_1_85' title='bbox 2226 1509 2336 1563; x_wconf 91' lang='lat' dir='ltr'><strong>ulla</strong></span> <span class='ocrx_word' id='word_1_86' title='bbox 2375 1510 2432 1562; x_wconf 92' lang='lat' dir='ltr'><strong>in</strong></span> 
     </span>
     <span class='ocr_line' id='line_1_16' title="bbox 801 1587 2432 1669; baseline -0.001 -18"><span class='ocrx_word' id='word_1_87' title='bbox 801 1587 1090 1669; x_wconf 85' lang='lat' dir='ltr'><strong>quoquam</strong></span> <span class='ocrx_word' id='word_1_88' title='bbox 1144 1618 1173 1651; x_wconf 95' lang='lat' dir='ltr'>e</span> <span class='ocrx_word' id='word_1_89' title='bbox 1229 1598 1495 1650; x_wconf 87' lang='lat' dir='ltr'><strong>Sinarum</strong></span> <span class='ocrx_word' id='word_1_90' title='bbox 1557 1598 1833 1667; x_wconf 90' lang='lat' dir='ltr'><strong>portubus</strong></span> <span class='ocrx_word' id='word_1_91' title='bbox 1896 1616 2072 1649; x_wconf 89' lang='lat' dir='ltr'><strong>mora.</strong></span> <span class='ocrx_word' id='word_1_92' title='bbox 2154 1599 2432 1650; x_wconf 86' lang='lat' dir='ltr'><strong>Fortuna-</strong></span> 
     </span>
     <span class='ocr_line' id='line_1_17' title="bbox 801 1685 2429 1755; baseline -0.001 -16"><span class='ocrx_word' id='word_1_93' title='bbox 801 1687 902 1750; x_wconf 89' lang='lat' dir='ltr'><strong>bit,</strong></span> <span class='ocrx_word' id='word_1_94' title='bbox 950 1694 1012 1739; x_wconf 92' lang='lat' dir='ltr'><strong>ut</strong></span> <span class='ocrx_word' id='word_1_95' title='bbox 1060 1703 1373 1755; x_wconf 80' lang='lat' dir='ltr'><strong>speramUS,</strong></span> <span class='ocrx_word' id='word_1_96' title='bbox 1423 1686 1709 1738; x_wconf 90' lang='lat' dir='ltr'><strong>Dominus</strong></span> <span class='ocrx_word' id='word_1_97' title='bbox 1757 1686 1913 1737; x_wconf 92' lang='lat' dir='ltr'><strong>Deus</strong></span> <span class='ocrx_word' id='word_1_98' title='bbox 1960 1692 2153 1738; x_wconf 91' lang='lat' dir='ltr'><strong>noster</strong></span> <span class='ocrx_word' id='word_1_99' title='bbox 2204 1685 2429 1754; x_wconf 85' lang='lat' dir='ltr'><strong>naviga-</strong></span> 
     </span>
     <span class='ocr_line' id='line_1_18' title="bbox 801 1770 2431 1839; baseline -0.002 -14"><span class='ocrx_word' id='word_1_100' title='bbox 801 1773 1017 1825; x_wconf 86' lang='lat' dir='ltr'><strong>tionem</strong></span> <span class='ocrx_word' id='word_1_101' title='bbox 1071 1772 1240 1825; x_wconf 90' lang='lat' dir='ltr'><strong>istam</strong></span> <span class='ocrx_word' id='word_1_102' title='bbox 1257 1791 1269 1833; x_wconf 90' lang='lat'>;</span> <span class='ocrx_word' id='word_1_103' title='bbox 1328 1790 1543 1839; x_wconf 91' lang='lat' dir='ltr'><strong>nosque</strong></span> <span class='ocrx_word' id='word_1_104' title='bbox 1597 1771 1783 1823; x_wconf 88' lang='lat' dir='ltr'><strong>salvos</strong></span> <span class='ocrx_word' id='word_1_105' title='bbox 1830 1770 1958 1823; x_wconf 92' lang='lat' dir='ltr'><strong>illuc</strong></span> <span class='ocrx_word' id='word_1_106' title='bbox 2005 1771 2294 1839; x_wconf 87' lang='lat' dir='ltr'><strong>perducet,</strong></span> <span class='ocrx_word' id='word_1_107' title='bbox 2339 1771 2431 1823; x_wconf 88' lang='lat' dir='ltr'><strong>ubi</strong></span> 
     </span>
     <span class='ocr_line' id='line_1_19' title="bbox 801 1859 2430 1928; baseline -0.001 -17"><span class='ocrx_word' id='word_1_108' title='bbox 801 1867 1064 1912; x_wconf 88' lang='lat' dir='ltr'><strong>sanctum</strong></span> <span class='ocrx_word' id='word_1_109' title='bbox 1131 1860 1252 1927; x_wconf 90' lang='lat' dir='ltr'><strong>ejus</strong></span> <span class='ocrx_word' id='word_1_110' title='bbox 1318 1878 1529 1910; x_wconf 90' lang='lat' dir='ltr'><strong>nomen</strong></span> <span class='ocrx_word' id='word_1_111' title='bbox 1593 1859 1953 1926; x_wconf 85' lang='lat' dir='ltr'><strong>glorificetur,</strong></span> <span class='ocrx_word' id='word_1_112' title='bbox 2020 1859 2267 1927; x_wconf 88' lang='lat' dir='ltr'><strong>primum</strong></span> <span class='ocrx_word' id='word_1_113' title='bbox 2331 1877 2430 1928; x_wconf 89' lang='lat' dir='ltr'><strong>per</strong></span> 
     </span>
     <span class='ocr_line' id='line_1_20' title="bbox 803 1944 2035 2011; baseline -0.002 -14"><span class='ocrx_word' id='word_1_114' title='bbox 803 1963 907 1998; x_wconf 89' lang='lat' dir='ltr'><strong>nos</strong></span> <span class='ocrx_word' id='word_1_115' title='bbox 959 1945 1323 1997; x_wconf 89' lang='lat' dir='ltr'><strong>innotescens</strong></span> <span class='ocrx_word' id='word_1_116' title='bbox 1375 1945 1542 1997; x_wconf 77' lang='lat' dir='ltr'><strong>caecis</strong></span> <span class='ocrx_word' id='word_1_117' title='bbox 1595 1944 1701 1996; x_wconf 87' lang='lat' dir='ltr'><strong>illis</strong></span> <span class='ocrx_word' id='word_1_118' title='bbox 1754 1945 2035 2011; x_wconf 85' lang='lat' dir='ltr'><strong>gentibus.</strong></span> 
     </span>
    </p>

    <p class='ocr_par' dir='ltr' id='par_1_6' title="bbox 786 2031 2429 3144">
     <span class='ocr_line' id='line_1_21' title="bbox 870 2031 2429 2101; baseline 0.001 -18"><span class='ocrx_word' id='word_1_119' title='bbox 870 2031 1137 2083; x_wconf 91' lang='lat' dir='ltr'><strong>Alfonsus</strong></span> <span class='ocrx_word' id='word_1_120' title='bbox 1190 2032 1280 2083; x_wconf 90' lang='lat' dir='ltr'><strong>die</strong></span> <span class='ocrx_word' id='word_1_121' title='bbox 1336 2032 1725 2083; x_wconf 85' lang='lat' dir='ltr'><strong>Sanctissimae</strong></span> <span class='ocrx_word' id='word_1_122' title='bbox 1772 2032 2041 2084; x_wconf 83' lang='lat' dir='ltr'><strong>Trinitati</strong></span> <span class='ocrx_word' id='word_1_123' title='bbox 2098 2050 2260 2084; x_wconf 89' lang='lat' dir='ltr'><strong>sacro</strong></span> <span class='ocrx_word' id='word_1_124' title='bbox 2320 2033 2429 2101; x_wconf 90' lang='lat' dir='ltr'><strong>pri-</strong></span> 
     </span>
     <span class='ocr_line' id='line_1_22' title="bbox 804 2120 2429 2183; baseline 0.001 -11"><span class='ocrx_word' id='word_1_125' title='bbox 804 2138 959 2173; x_wconf 90' lang='lat' dir='ltr'><strong>mum</strong></span> <span class='ocrx_word' id='word_1_126' title='bbox 1006 2121 1130 2173; x_wconf 94' lang='lat' dir='ltr'><strong>Deo</strong></span> <span class='ocrx_word' id='word_1_127' title='bbox 1174 2120 1515 2173; x_wconf 88' lang='lat' dir='ltr'><strong>sacrificium</strong></span> <span class='ocrx_word' id='word_1_128' title='bbox 1559 2121 1664 2173; x_wconf 91' lang='lat' dir='ltr'><strong>rite</strong></span> <span class='ocrx_word' id='word_1_129' title='bbox 1708 2120 1930 2183; x_wconf 87' lang='lat' dir='ltr'><strong>obtulit,</strong></span> <span class='ocrx_word' id='word_1_130' title='bbox 1977 2137 2107 2173; x_wconf 88' lang='lat' dir='ltr'><strong>cum</strong></span> <span class='ocrx_word' id='word_1_131' title='bbox 2154 2127 2326 2173; x_wconf 86' lang='lat' dir='ltr'><strong>cantu</strong></span> <span class='ocrx_word' id='word_1_132' title='bbox 2375 2127 2429 2173; x_wconf 90' lang='lat' dir='ltr'><strong>et</strong></span> 
     </span>
     <span class='ocr_line' id='line_1_23' title="bbox 797 2206 2429 2274; baseline -0.001 -15"><span class='ocrx_word' id='word_1_133' title='bbox 797 2214 1073 2274; x_wconf 88' lang='lat' dir='ltr'><strong>apparatu</strong></span> <span class='ocrx_word' id='word_1_134' title='bbox 1122 2206 1379 2267; x_wconf 88' lang='lat' dir='ltr'><strong>solemni,</strong></span> <span class='ocrx_word' id='word_1_135' title='bbox 1428 2206 1671 2258; x_wconf 89' lang='lat' dir='ltr'><strong>diacono</strong></span> <span class='ocrx_word' id='word_1_136' title='bbox 1718 2214 1773 2258; x_wconf 91' lang='lat' dir='ltr'><strong>et</strong></span> <span class='ocrx_word' id='word_1_137' title='bbox 1828 2206 2181 2258; x_wconf 92' lang='lat' dir='ltr'><strong>subdiacono</strong></span> <span class='ocrx_word' id='word_1_138' title='bbox 2237 2206 2429 2258; x_wconf 91' lang='lat' dir='ltr'><strong>minis-</strong></span> 
     </span>
     <span class='ocr_line' id='line_1_24' title="bbox 795 2293 2427 2362; baseline -0.001 -15"><span class='ocrx_word' id='word_1_139' title='bbox 795 2295 1097 2348; x_wconf 67' lang='lat' dir='ltr'><strong>trantibus</strong></span> <span class='ocrx_word' id='word_1_140' title='bbox 1180 2294 1460 2347; x_wconf 88' lang='lat' dir='ltr'><strong>Processit</strong></span> <span class='ocrx_word' id='word_1_141' title='bbox 1533 2294 1795 2348; x_wconf 89' lang='lat' dir='ltr'><strong>ordinata</strong></span> <span class='ocrx_word' id='word_1_142' title='bbox 1870 2295 1925 2346; x_wconf 90' lang='lat' dir='ltr'><strong>in</strong></span> <span class='ocrx_word' id='word_1_143' title='bbox 1995 2310 2269 2362; x_wconf 91' lang='lat' dir='ltr'><strong>pompam</strong></span> <span class='ocrx_word' id='word_1_144' title='bbox 2327 2293 2427 2346; x_wconf 90' lang='lat' dir='ltr'><strong>lin-</strong></span> 
     </span>
     <span class='ocr_line' id='line_1_25' title="bbox 796 2379 2428 2450; baseline -0.001 -17"><span class='ocrx_word' id='word_1_145' title='bbox 796 2388 952 2434; x_wconf 87' lang='lat' dir='ltr'><strong>teata</strong></span> <span class='ocrx_word' id='word_1_146' title='bbox 1005 2380 1311 2433; x_wconf 85' lang='lat' dir='ltr'><strong>multitudo</strong></span> <span class='ocrx_word' id='word_1_147' title='bbox 1365 2379 1697 2433; x_wconf 91' lang='lat' dir='ltr'><strong>clericorum</strong></span> <span class='ocrx_word' id='word_1_148' title='bbox 1760 2399 1938 2450; x_wconf 88' lang='lat' dir='ltr'><strong>usque</strong></span> <span class='ocrx_word' id='word_1_149' title='bbox 2000 2380 2071 2433; x_wconf 89' lang='lat' dir='ltr'><strong>ad</strong></span> <span class='ocrx_word' id='word_1_150' title='bbox 2125 2379 2275 2433; x_wconf 87' lang='lat' dir='ltr'><strong>aedes</strong></span> <span class='ocrx_word' id='word_1_151' title='bbox 2333 2379 2428 2432; x_wconf 83' lang='lat' dir='ltr'><strong>So-</strong></span> 
     </span>
     <span class='ocr_line' id='line_1_26' title="bbox 793 2471 2422 2539; baseline 0 -16"><span class='ocrx_word' id='word_1_152' title='bbox 793 2471 1029 2524; x_wconf 75' lang='lat' dir='ltr'><strong>dalitcztis</strong></span> <span class='ocrx_word' id='word_1_153' title='bbox 1100 2471 1497 2534; x_wconf 65' lang='lat' dir='ltr'><strong>Misericordiae,</strong></span> <span class='ocrx_word' id='word_1_154' title='bbox 1575 2471 1631 2523; x_wconf 94' lang='lat' dir='ltr'><strong>in</strong></span> <span class='ocrx_word' id='word_1_155' title='bbox 1698 2471 1901 2539; x_wconf 88' lang='lat' dir='ltr'><strong>quibus</strong></span> <span class='ocrx_word' id='word_1_156' title='bbox 1978 2471 2422 2533; x_wconf 87' lang='lat' dir='ltr'><strong>diversabamur‚</strong></span> 
     </span>
     <span class='ocr_line' id='line_1_27' title="bbox 797 2557 2425 2626; baseline -0.001 -18"><span class='ocrx_word' id='word_1_157' title='bbox 797 2576 1122 2625; x_wconf 91' lang='lat' dir='ltr'><strong>novumque</strong></span> <span class='ocrx_word' id='word_1_158' title='bbox 1189 2566 1453 2625; x_wconf 86' lang='lat' dir='ltr'><strong>mystam,</strong></span> <span class='ocrx_word' id='word_1_159' title='bbox 1519 2557 1684 2608; x_wconf 90' lang='lat' dir='ltr'><strong>nobis</strong></span> <span class='ocrx_word' id='word_1_160' title='bbox 1746 2575 1970 2625; x_wconf 88' lang='lat' dir='ltr'><strong>quoque</strong></span> <span class='ocrx_word' id='word_1_161' title='bbox 2034 2557 2425 2626; x_wconf 89' lang='lat' dir='ltr'><strong>prosequenti-</strong></span> 
     </span>
     <span class='ocr_line' id='line_1_28' title="bbox 794 2644 2424 2712; baseline -0.001 -15"><span class='ocrx_word' id='word_1_162' title='bbox 794 2645 916 2707; x_wconf 82' lang='lat' dir='ltr'><strong>bus,</strong></span> <span class='ocrx_word' id='word_1_163' title='bbox 972 2646 1043 2697; x_wconf 90' lang='lat' dir='ltr'><strong>ad</strong></span> <span class='ocrx_word' id='word_1_164' title='bbox 1098 2644 1282 2712; x_wconf 88' lang='lat' dir='ltr'><strong>majus</strong></span> <span class='ocrx_word' id='word_1_165' title='bbox 1335 2644 1488 2696; x_wconf 88' lang='lat' dir='ltr'><strong>urbis</strong></span> <span class='ocrx_word' id='word_1_166' title='bbox 1546 2644 1824 2711; x_wconf 91' lang='lat' dir='ltr'><strong>templum</strong></span> <span class='ocrx_word' id='word_1_167' title='bbox 1890 2645 2273 2704; x_wconf 79' lang='lat' dir='ltr'><strong>abduxerunt3</strong></span> <span class='ocrx_word' id='word_1_168' title='bbox 2342 2663 2424 2696; x_wconf 92' lang='lat' dir='ltr'><strong>re—</strong></span> 
     </span>
     <span class='ocr_line' id='line_1_29' title="bbox 793 2732 2427 2798; baseline 0.001 -16"><span class='ocrx_word' id='word_1_169' title='bbox 793 2732 1187 2798; x_wconf 87' lang='lat' dir='ltr'><strong>duxeruntque</strong></span> <span class='ocrx_word' id='word_1_170' title='bbox 1241 2739 1370 2797; x_wconf 94' lang='lat' dir='ltr'><strong>post</strong></span> <span class='ocrx_word' id='word_1_171' title='bbox 1425 2749 1649 2782; x_wconf 89' lang='lat' dir='ltr'><strong>sacrum</strong></span> <span class='ocrx_word' id='word_1_172' title='bbox 1704 2739 1997 2797; x_wconf 88' lang='lat' dir='ltr'><strong>peractum</strong></span> <span class='ocrx_word' id='word_1_173' title='bbox 2057 2732 2277 2783; x_wconf 89' lang='lat' dir='ltr'><strong>eodem.</strong></span> <span class='ocrx_word' id='word_1_174' title='bbox 2360 2732 2427 2783; x_wconf 94' lang='lat' dir='ltr'><strong>In</strong></span> 
     </span>
     <span class='ocr_line' id='line_1_30' title="bbox 793 2816 2425 2886; baseline 0.001 -18"><span class='ocrx_word' id='word_1_175' title='bbox 793 2817 915 2884; x_wconf 93' lang='lat' dir='ltr'><strong>ipsa</strong></span> <span class='ocrx_word' id='word_1_176' title='bbox 970 2816 1261 2870; x_wconf 89' lang='lat' dir='ltr'><strong>functione</strong></span> <span class='ocrx_word' id='word_1_177' title='bbox 1310 2816 1562 2886; x_wconf 87' lang='lat' dir='ltr'><strong>mysterii</strong></span> <span class='ocrx_word' id='word_1_178' title='bbox 1610 2816 1660 2868; x_wconf 88' lang='lat' dir='ltr'><strong>ei</strong></span> <span class='ocrx_word' id='word_1_179' title='bbox 1706 2816 2051 2869; x_wconf 87' lang='lat' dir='ltr'><strong>adstiterunt</strong></span> <span class='ocrx_word' id='word_1_180' title='bbox 2104 2817 2425 2886; x_wconf 90' lang='lat' dir='ltr'><strong>proepisco-</strong></span> 
     </span>
     <span class='ocr_line' id='line_1_31' title="bbox 790 2905 2426 2975; baseline 0.001 -18"><span class='ocrx_word' id='word_1_181' title='bbox 790 2924 896 2973; x_wconf 89' lang='lat' dir='ltr'><strong>pus</strong></span> <span class='ocrx_word' id='word_1_182' title='bbox 943 2913 997 2958; x_wconf 93' lang='lat' dir='ltr'><strong>et</strong></span> <span class='ocrx_word' id='word_1_183' title='bbox 1046 2913 1240 2958; x_wconf 89' lang='lat' dir='ltr'><strong>noster</strong></span> <span class='ocrx_word' id='word_1_184' title='bbox 1289 2905 1630 2958; x_wconf 89' lang='lat' dir='ltr'><strong>Franciscus</strong></span> <span class='ocrx_word' id='word_1_185' title='bbox 1692 2906 1969 2969; x_wconf 80' lang='lat' dir='ltr'><strong>PereziuS,</strong></span> <span class='ocrx_word' id='word_1_186' title='bbox 2020 2906 2245 2960; x_wconf 89' lang='lat' dir='ltr'><strong>diaconi</strong></span> <span class='ocrx_word' id='word_1_187' title='bbox 2303 2924 2426 2975; x_wconf 87' lang='lat' dir='ltr'><strong>par-</strong></span> 
     </span>
     <span class='ocr_line' id='line_1_32' title="bbox 788 2992 2421 3060; baseline 0.001 -17"><span class='ocrx_word' id='word_1_188' title='bbox 788 2999 874 3044; x_wconf 89' lang='lat' dir='ltr'><strong>tes</strong></span> <span class='ocrx_word' id='word_1_189' title='bbox 943 2992 1084 3044; x_wconf 90' lang='lat' dir='ltr'><strong>obiit</strong></span> <span class='ocrx_word' id='word_1_190' title='bbox 1166 2993 1226 3044; x_wconf 89' lang='lat' dir='ltr'><strong>P.</strong></span> <span class='ocrx_word' id='word_1_191' title='bbox 1296 2994 1541 3045; x_wconf 91' lang='lat' dir='ltr'><strong>Cosmus</strong></span> <span class='ocrx_word' id='word_1_192' title='bbox 1608 2992 1940 3044; x_wconf 79' lang='lat' dir='ltr'><strong>TurrianUS.</strong></span> <span class='ocrx_word' id='word_1_193' title='bbox 2023 2994 2149 3060; x_wconf 83' lang='lat' dir='ltr'><strong>Ego</strong></span> <span class='ocrx_word' id='word_1_194' title='bbox 2219 2993 2421 3046; x_wconf 90' lang='lat' dir='ltr'><strong>eodem</strong></span> 
     </span>
     <span class='ocr_line' id='line_1_33' title="bbox 786 3078 2425 3144; baseline 0.002 -15"><span class='ocrx_word' id='word_1_195' title='bbox 786 3078 877 3129; x_wconf 85' lang='lat' dir='ltr'><strong>die</strong></span> <span class='ocrx_word' id='word_1_196' title='bbox 939 3080 1009 3131; x_wconf 83' lang='lat' dir='ltr'><strong>ad</strong></span> <span class='ocrx_word' id='word_1_197' title='bbox 1067 3080 1404 3131; x_wconf 85' lang='lat' dir='ltr'><strong>concionem</strong></span> <span class='ocrx_word' id='word_1_198' title='bbox 1469 3079 1612 3132; x_wconf 82' lang='lat' dir='ltr'><strong>dixi:</strong></span> <span class='ocrx_word' id='word_1_199' title='bbox 1687 3079 1923 3131; x_wconf 86' lang='lat' dir='ltr'><strong>mirifice</strong></span> <span class='ocrx_word' id='word_1_200' title='bbox 1987 3080 2311 3144; x_wconf 79' lang='lat' dir='ltr'><strong>delectavit,</strong></span> <span class='ocrx_word' id='word_1_201' title='bbox 2370 3087 2425 3133; x_wconf 84' lang='lat' dir='ltr'><strong>et</strong></span> 
     </span>
    </p>
   </div>
   <div class='ocr_carea' id='block_1_4' title="bbox 2698 0 2708 344">
    <p class='ocr_par' dir='ltr' id='par_1_7' title="bbox 2698 0 2708 344">
     <span class='ocr_line' id='line_1_34' title="bbox 2698 0 2708 344; baseline 0 3410"><span class='ocrx_word' id='word_1_202' title='bbox 2698 0 2708 344; x_wconf 95' lang='lat' dir='ltr'><strong> </strong></span> 
     </span>
    </p>
   </div>
   <div class='ocr_carea' id='block_1_5' title="bbox 2641 486 2708 532">
    <p class='ocr_par' dir='ltr' id='par_1_8' title="bbox 2641 486 2708 532">
     <span class='ocr_line' id='line_1_35' title="bbox 2641 486 2708 532; baseline 0 3222"><span class='ocrx_word' id='word_1_203' title='bbox 2641 486 2708 532; x_wconf 95' lang='lat' dir='ltr'><strong> </strong></span> 
     </span>
    </p>
   </div>
   <div class='ocr_carea' id='block_1_6' title="bbox 2642 574 2708 634">
    <p class='ocr_par' dir='ltr' id='par_1_9' title="bbox 2642 574 2708 634">
     <span class='ocr_line' id='line_1_36' title="bbox 2642 574 2708 634; baseline 0 3120"><span class='ocrx_word' id='word_1_204' title='bbox 2642 574 2708 634; x_wconf 95' lang='lat' dir='ltr'><strong> </strong></span> 
     </span>
    </p>
   </div>
   <div class='ocr_carea' id='block_1_7' title="bbox 2643 664 2708 708">
    <p class='ocr_par' dir='ltr' id='par_1_10' title="bbox 2643 664 2708 708">
     <span class='ocr_line' id='line_1_37' title="bbox 2643 664 2708 708; baseline 0 3046"><span class='ocrx_word' id='word_1_205' title='bbox 2643 664 2708 708; x_wconf 95' lang='lat' dir='ltr'><strong> </strong></span> 
     </span>
    </p>
   </div>
   <div class='ocr_carea' id='block_1_8' title="bbox 2643 748 2708 794">
    <p class='ocr_par' dir='ltr' id='par_1_11' title="bbox 2643 748 2708 794">
     <span class='ocr_line' id='line_1_38' title="bbox 2643 748 2708 794; baseline 0 2960"><span class='ocrx_word' id='word_1_206' title='bbox 2643 748 2708 794; x_wconf 95' lang='lat' dir='ltr'><strong> </strong></span> 
     </span>
    </p>
   </div>
   <div class='ocr_carea' id='block_1_9' title="bbox 2648 912 2712 2351">
    <p class='ocr_par' dir='ltr' id='par_1_12' title="bbox 2648 912 2712 2351">
     <span class='ocr_line' id='line_1_39' title="bbox 2648 912 2712 2351; baseline 0 0"><span class='ocrx_word' id='word_1_207' title='bbox 2648 912 2712 2351; x_wconf 95' lang='lat' dir='ltr'><strong> </strong></span> 
     </span>
    </p>
   </div>
  </div>
 </body>
</html>
