2712 3754
709 334 774 401 58
1106 346 1287 387 LIBER
1325 345 1807 387 V1.-EPISTOLA
1845 345 1922 385 vi.

704 480 838 531 anni
901 479 1157 549 proximi,
1221 488 1318 531 aut
1381 480 1426 530 si
1486 479 1570 531 vis
1632 479 1937 549 improvisa
1995 478 2322 532 ineluctabi—

703 569 828 622 liter
872 569 1141 630 obstaret‚
1189 583 1301 635 quo
1347 566 1590 635 primum
1637 573 1892 634 tempore
1939 565 2056 619 fieri
2096 564 2322 633 poterit,

704 655 847 707 duos
915 670 1056 722 quos
1124 651 1254 715 dixi,
1325 652 1679 705 sacerdotem
1747 651 2043 704 audiendis
2107 649 2323 704 confes-

705 740 958 793 sionibus
1040 747 1235 808 aptum
1319 747 1374 790 et
1459 738 1630 790 alium
1708 757 1737 790 e
1814 738 1980 791 sociis
2058 739 2322 791 idoneum

705 827 914 882 scholae
966 826 1225 894 regendae
1281 824 1561 878 Malacam
1615 824 1926 879 destinetis.

780 913 976 966 Scribo
1038 913 1109 964 ad
1175 913 1400 964 Patrem
1465 911 1765 964 Nicolaum
1828 921 1888 965 ut
1940 912 2133 982 praesit
2185 912 2323 965 invi-

706 1002 951 1072 giletque
1012 1000 1221 1053 nostris
1285 999 1592 1067 Meliapore
1653 998 2006 1067 degentibuS,
2069 998 2136 1052 iis
2188 998 2325 1053 item

708 1086 802 1156 qui
880 1104 978 1154 per
1053 1103 1210 1138 oram
1283 1084 1774 1147 Comorinensem,
1848 1085 2055 1154 quique
2125 1084 2325 1137 Colani

710 1181 1028 1235 morantur;
1108 1191 1172 1225 ac
1248 1171 1458 1240 pariter
1534 1171 2039 1226 Comorinensibus
2115 1172 2327 1225 mando

710 1268 770 1314 ut
836 1260 987 1312 Patri
1051 1259 1289 1311 Nicolao
1350 1259 1760 1326 obtemperent,
1824 1259 1895 1310 ad
1952 1276 2194 1327 eumque
2245 1276 2325 1311 re-

711 1346 893 1400 ferant
946 1346 1015 1398 de
1067 1346 1232 1398 rebus
1285 1345 1417 1408 suiS‚
1470 1344 1693 1414 quoties
1745 1353 1841 1398 aut
1893 1363 1994 1415 pro
2047 1363 2106 1398 se
2152 1345 2327 1398 subsi-

710 1433 822 1496 dio,
876 1441 973 1485 aut
1026 1448 1127 1500 pro
1180 1430 1520 1484 Christianis
1572 1447 1713 1499 quos
1765 1438 1964 1485 curant
2016 1429 2206 1485 favore
2263 1446 2329 1484 ae

710 1517 1027 1585 patrocinio
1108 1535 1251 1584 opus
1327 1515 1644 1578 habuerint,
1722 1516 1947 1584 scriptis
2023 1517 2095 1568 ad
2173 1516 2328 1567 illum

713 1604 1012 1667 Colanum,
1074 1603 1160 1656 vel
1223 1603 1502 1656 Cocinum
1563 1602 1765 1656 litteris
1830 1606 1992 1667 (nam
2053 1602 2199 1657 ultro
2255 1602 2329 1657 ci·

710 1698 913 1759 troque
972 1707 1073 1758 per
1133 1689 1254 1741 illas
1315 1690 1481 1741 urbes
1542 1688 1897 1756 negotiorum
1956 1706 2127 1742 causa
2179 1706 2330 1742 com-

630 1777 633 1780 ’
714 1779 918 1840 meat).
993 1774 1197 1829 Eidem
1269 1793 1436 1844 porro
1509 1773 1660 1828 Patri
1734 1774 1971 1828 Nicolao
2038 1774 2330 1845 imperavi,

714 1871 774 1915 ut
838 1881 1211 1931 quaecumque
1276 1862 1581 1914 desiderari
1647 1863 1971 1930 cognoverit
2033 1881 2066 1915 a
2123 1865 2331 1917 Como-

714 1950 1050 2012 rinensibuS,
1098 1949 1370 2002 continuo
1424 1950 1550 2001 Goa
1602 1955 1778 2016 petat.
1831 1949 1914 2001 Te
1964 1966 2115 2012 vero,
2165 1949 2334 2003 Pater

714 2034 926 2088 Antoni
981 2034 1236 2096 Gomezi,
1289 2033 1417 2086 volo
1469 2054 1842 2102 quaecumque
1887 2035 1933 2086 is
1978 2045 2174 2103 poscet
2221 2045 2332 2089 sta-

713 2121 818 2172 tim
895 2121 1111 2188 exequi,
1189 2123 1642 2189 commendoque
1718 2129 1774 2171 et
1851 2122 2084 2190 injungo
2160 2139 2332 2191 quam

713 2222 945 2276 possum
998 2207 1338 2270 enixissime,
1393 2223 1463 2260 ne
1515 2207 1825 2274 quidquam
1877 2207 1934 2260 in
1987 2224 2054 2261 eo
2105 2207 2209 2262 tibi
2260 2207 2332 2261 ad

715 2309 997 2344 summam
1066 2292 1414 2359 diligentiam
1477 2299 1532 2344 et
1594 2292 2065 2345 officiosissimam
2133 2292 2333 2346 carita-

714 2388 829 2430 tem
884 2379 1080 2448 reliqui
1133 2379 1324 2431 facias,

791 2467 959 2518 Pater
1016 2465 1286 2518 Nicolaus
1343 2465 1521 2518 subsit
1583 2465 1735 2518 Patri
1796 2466 1987 2529 Paulo,
2041 2474 2207 2535 prout
2259 2466 2335 2518 illi

714 2552 1107 2620 praescriptum
1161 2553 1291 2603 inde
1343 2553 1538 2604 abiens
1589 2554 1881 2622 reliquisse
1934 2556 2184 2606 memini.
2262 2558 2334 2607 A-

715 2640 891 2693 lumni
970 2642 1246 2704 Goense5‚
1325 2640 1441 2694 sive
1520 2641 1779 2694 Lusitani
1850 2641 1965 2694 sive
2034 2642 2334 2711 indigenae,

716 2727 948 2779 arbitrio
1013 2727 1195 2780 Patris
1257 2728 1491 2780 Antonii
1552 2728 1810 2781 Gomezii
1863 2737 2147 2798 regantur.

789 2814 1069 2865 Antonius
1119 2831 1251 2866 vero
1296 2815 1416 2882 ipse
1442 2812 1790 2883 {GomeziuS,
1837 2823 2004 2883 prout
2052 2816 2335 2878 mandavi,

719 2901 870 2952 Patri
919 2900 1092 2952 Paulo
1131 2900 1381 2952 Camerti
1421 2900 1709 2968 subjectus
1747 2900 1836 2963 sit,
1882 2901 2197 2957 euieidem
2241 2901 2336 2971 qui

719 2986 972 3048 Bazaini,
1027 2987 1190 3055 quive
1242 2988 1522 3039 Armuziae
1575 2989 1879 3040 stationem
1927 2990 2155 3052 habent,
2204 3008 2335 3058 qua-

716 3082 882 3125 tenus
959 3074 1100 3142 jussi
1184 3082 1238 3126 et
1316 3075 1638 3127 distinctius
1715 3076 1972 3143 explicui,
2051 3077 2335 3129 obedient.
