2665 3754
728 357 833 412 290
1102 359 1286 396 LIBER
1322 358 1452 397 VIII.
1473 374 1545 383 ·—
1564 357 1857 398 EPISTOLA
1894 355 1984 396 XX.

714 498 961 568 potestis
1001 499 1290 570 tranquilli
1318 499 1552 553 remedii
1592 499 1891 570 apponite3
1932 498 2347 553 tumultuosam

708 592 764 639 et
807 586 1006 640 morbo
1052 586 1305 657 pejorem
1351 586 1633 641 abstinete
1680 586 2051 649 medicinam3
2109 603 2213 640 nec
2256 586 2337 641 ira

706 681 763 727 et
816 673 1167 744 intemperiis
1225 675 1453 745 jaciatis
1516 675 1698 728 aleam
1756 674 2010 729 funditus
2061 674 2336 743 perdendi

705 759 938 824 fructuS,
993 780 1163 831 quem
1211 763 1492 817 modestia
1537 771 1593 817 et
1648 761 2085 817 mansuetudine
2136 768 2332 830 potue-

709 847 850 902 ratis
896 856 1199 903 maturare.

780 935 1083 1003 Superiora
1129 936 1358 1000 dictavi,
1405 955 1649 1005 agnosce
1696 938 1752 990 in
1798 937 2169 1007 sequentibus
2220 954 2335 989 ma-

712 1040 849 1077 num
896 1031 959 1077 et
1005 1043 1102 1079 cor
1148 1043 1357 1079 meum.

785 1113 837 1165 O
894 1114 1198 1182 Cypriane,
1247 1115 1293 1165 si
1346 1115 1518 1167 scires
1570 1123 1787 1184 quanto
1838 1114 1921 1166 tui
1973 1132 2168 1165 amore
2220 1112 2343 1165 haec

708 1198 781 1251 ad
826 1204 884 1251 te
931 1198 1135 1262 scribo,
1182 1199 1438 1268 profecto
1484 1201 1579 1254 diu
1631 1208 1917 1270 noctuque
1962 1199 2338 1253 recordareris

713 1282 824 1336 mei
837 1302 850 1344 ;
921 1292 977 1337 et
1032 1283 1176 1338 forte
1235 1304 1351 1338 non
1409 1294 1632 1340 teneres
1688 1286 1969 1356 lacrymas
2026 1285 2345 1354 reputando

712 1370 1080 1423 tenerrimam
1157 1372 1731 1441 ardentissimamque
1806 1390 1917 1440 qua
1981 1379 2037 1424 te
2100 1371 2345 1439 flagrans

712 1456 1028 1526 amplector
1079 1457 1437 1512 charitatem.
1518 1459 1756 1515 Utinam
1810 1464 2072 1528 paterent
2126 1456 2184 1509 in
2237 1456 2342 1510 hac

707 1542 825 1597 vita
863 1551 1160 1613 pectorum
1196 1546 1432 1598 arcana!
1477 1547 1753 1599 Cerneres
1786 1545 1952 1608 clare,
1988 1543 2125 1597 mihi
2154 1545 2338 1607 crede,

708 1628 882 1685 frater
933 1632 1011 1685 mi
1064 1633 1367 1703 Cypriane,
1422 1632 1765 1703 insculptum
1818 1640 1875 1686 te
1927 1630 2155 1702 penitus
2210 1650 2336 1686 meo

714 1719 925 1774 animo.
1006 1719 1164 1775 Vale.

787 1805 963 1875 Aprili
1013 1807 1211 1860 Mense
1249 1807 1399 1860 Anni
1433 1807 1694 1861 MDLII.

858 1953 1041 2005 Totus
1080 1960 1230 2016 tuus,
1261 1961 1320 2006 ut
1354 1971 1646 2022 nunquam
1688 1952 1902 2020 possim
1942 1951 2024 2005 tui
2066 1950 2337 2004 oblivisci.

1875 2099 2275 2150 FRANCISCUS.
