2712 3754
823 352 888 389 02
1217 351 1399 390 LIBER
1437 352 1513 390 VI.
1536 367 1607 373 --
1628 352 1919 393 EPISTOLA
1959 354 2043 394 ΙΙΙ.

821 485 1052 553 copioso
1132 506 1311 540 vanus
1387 488 1573 540 omnis
1654 490 1726 541 ad
1807 489 2233 543 conversionem
2302 508 2434 558 gen-

820 570 960 624 tium
1013 572 1171 626 labor
1234 583 1337 637 est,
1402 583 1638 643 peecata
1704 584 1897 629 nostra
1948 594 2018 629 ne
2070 575 2433 646 intercipiant

818 657 1017 711 uberes
1069 658 1331 727 allapsus.
1388 660 1604 714 Valete.

893 803 1114 858 Malaca
1189 805 1279 859 die
1358 806 1530 860 Festo
1610 807 1879 876 Corporis
1956 805 2188 869 Christi,
2265 809 2431 862 Anno

820 891 1155 945 MDXLIX.

961 1038 1161 1090 Vester
1212 1038 1267 1089 in
1322 1038 1551 1092 Christo
1603 1039 1837 1092 intimus
1892 1041 2107 1093 Frater.

1952 1186 1998 1237 F
2005 1201 2351 1239 RANCISCUS.

1320 1395 1902 1439 ww

1286 1581 1767 1643 EPISTULA
1818 1583 1954 1642 III.

1321 1764 1588 1841 Joanni
1638 1764 1895 1826 Beirae.

872 1935 955 1985 De
1016 1935 1184 1998 sociis,
1249 1942 1294 1987 et
1350 1953 1517 1988 secum
1567 1936 1625 1987 in
1676 1930 1988 2005 Japoniam,
2040 1942 2086 1987 et
2139 1953 2255 1987 cum
2320 1936 2419 1988 Al-

789 2022 944 2090 fonso
994 2023 1052 2075 in
1101 2023 1370 2076 Molucum
1410 2023 1864 2093 proficiscentibus.
1933 2023 2224 2076 Accuratas
2262 2023 2334 2076 ad
2370 2041 2420 2077 se

798 2116 844 2159 et
905 2109 963 2159 in
1024 2110 1298 2179 Europam
1360 2109 1522 2179 exigit
1584 2110 1643 2160 de
1704 2108 1939 2160 laborum
1982 2109 2167 2178 fructu
2221 2107 2418 2160 litteras

798 2202 844 2249 et
884 2202 1132 2266 paratam
1183 2198 1252 2250 ad
1301 2198 1479 2250 omnia
1529 2197 1840 2250 voluntatem
1850 2215 1871 2257 ;
1912 2197 2242 2266 formamque
2283 2203 2416 2267 prce-

794 2283 975 2335 scrihit
1025 2283 1084 2335 ob
1134 2289 1420 2336 recusatam
1471 2283 1811 2336 obedientiam
1862 2300 1886 2335 e
1938 2282 2189 2335 Societate
2240 2282 2415 2336 dimit-

796 2371 951 2423 tendi.

867 2515 1065 2571 Gratia
1129 2524 1184 2571 et
1248 2533 1408 2571 amor
1468 2518 1603 2586 Jesu
1663 2515 1875 2571 Christi
1945 2515 2179 2569 Domini
2232 2515 2409 2570 nostri

792 2600 940 2654 adsit
994 2622 1216 2669 semper
1267 2601 1430 2655 nobis
1483 2600 1687 2655 auxilio
1740 2609 1795 2654 et
1848 2598 2055 2654 favore.
2136 2602 2336 2654 Amen.

805 2744 997 2881 DE
1070 2748 1277 2802 nostris
1344 2748 1609 2802 fratribus
1661 2748 1812 2801 varie
1876 2766 1976 2816 per
2041 2747 2264 2801 Indiam
2330 2747 2409 2800 di-

987 2835 1213 2903 spersis,
1282 2843 1337 2887 et
1413 2835 1619 2904 ubique
1694 2852 1795 2902 per
1862 2833 1970 2886 Dei
2036 2833 2277 2902 gratiam
2348 2833 2404 2885 in

787 2923 1155 2992 propagando
1230 2921 1442 2975 Christi
1516 2940 1689 2992 regno
1764 2939 1878 2973 non
1950 2920 2206 2974 inutilem
2277 2937 2407 2990 ope-

796 3024 917 3061 ram
983 3009 1341 3072 navantibuS,
1417 3009 1665 3078 itemque
1730 3009 1799 3062 de
1863 3008 1931 3061 iis
1994 3008 2088 3077 qui
2141 3008 2197 3061 in
2252 3007 2412 3060 Lusi-

789 3092 944 3145 tania
996 3112 1113 3145 rem
1167 3100 1388 3161 gerunt,
1454 3111 1563 3161 quo
1617 3091 1798 3145 fructu
1853 3110 2052 3145 omnes
2099 3091 2406 3152 elaborent,
