2639 3798
677 361 862 400 LIBER
903 362 977 399 IX.
1001 376 1072 383 —
1094 362 1386 399 EPISTOLA
1429 363 1531 398 XII.
1821 364 1921 415 391

357 497 407 548 E
441 503 611 564 portu
650 496 1043 559 Sancianensi‚
1084 498 1220 549 XII.
1264 497 1385 550 Kal.
1420 496 1764 549 Novembris
1802 498 1914 548 An-

283 601 357 635 no
403 583 664 636 MDLII.

1445 730 1846 781 FRANCISCUS.

752 1156 1235 1216 EPISTOLA
1285 1156 1451 1216 XII.

954 1382 1238 1443 Eidem.

345 1599 459 1651 Sua
505 1600 562 1651 in
600 1600 868 1651 Sanciario
907 1606 1070 1667 gesta,
1115 1607 1161 1650 et
1203 1599 1480 1650 constituta
1523 1599 1580 1649 in
1621 1598 1908 1650 Cantonem

271 1686 613 1738 transmissio,
690 1686 864 1738 Nulla
916 1686 1034 1738 vitae
1086 1686 1416 1748 discrimina,
1470 1685 1634 1738 solam
1687 1684 1746 1737 de
1794 1685 1908 1737 Deo

269 1774 617 1842 diffidentiam
649 1776 897 1844 pavescit.
977 1775 1238 1826 Siiiarum
1284 1775 1343 1826 de
1384 1774 1618 1826 Xaverio
1660 1773 1908 1842 ejusdem-

269 1878 361 1930 que
401 1861 653 1929 religione
692 1879 882 1913 sensus.
962 1862 1028 1913 Si
1063 1861 1240 1930 pactio
1285 1861 1424 1912 inita
1469 1879 1585 1912 cam
1627 1851 1922 1912 mercatore

268 1949 322 2000 in
370 1948 599 2000 nihilum
645 1948 864 2011 decidat,
914 1948 1094 2001 Siami
1139 1966 1359 2017 regnam
1406 1948 1616 2017 cogitat.

342 2093 544 2146 Gratia
595 2101 650 2146 et
697 2093 945 2146 charitas
995 2093 1229 2146 Domini
1277 2093 1455 2145 nostri
1500 2095 1638 2163 Jesu
1687 2092 1902 2145 Christi

269 2178 380 2232 sint
428 2197 653 2248 semper
702 2179 759 2231 in
811 2180 1019 2233 nostris
1066 2180 1384 2233 animabus.
1465 2181 1669 2232 Amen.

278 2320 689 2463 SANCIANI
742 2334 970 2394 portum
1025 2344 1056 2377 a
1104 2326 1367 2379 Cantone
1414 2324 1586 2377 millia
1634 2342 1905 2393 passuum

423 2412 648 2465 circiter
700 2421 932 2466 centum
986 2413 1205 2481 viginti,
1258 2414 1382 2464 Deo
1429 2411 1674 2475 favente,
1723 2412 1905 2464 tenui-

275 2517 418 2552 mus,

343 2585 523 2637 Simul
587 2593 759 2654 atque
827 2604 856 2638 e
922 2586 1051 2639 navi
1117 2585 1537 2647 descendimUS,
1592 2585 1904 2637 -aediculam

269 2671 599 2722 struendam
633 2671 842 2733 curavi,
880 2672 975 2723 ubi
1010 2671 1282 2739 quotidie,
1318 2671 1506 2738 quoad
1546 2671 1603 2722 in
1642 2672 1903 2723 morbum

269 2754 459 2820 incidi,
507 2774 626 2808 rem
673 2756 939 2808 Divinam
985 2755 1110 2808 feci.
1181 2755 1464 2807 Laboravi
1505 2755 1625 2807 dies
1668 2755 1906 2813 omnino

268 2843 613 2911 quindecim,
646 2844 767 2912 jam
800 2843 907 2895 Dei
944 2842 1223 2895 beneficio
1256 2842 1536 2895 convalui.
1605 2843 1727 2896 Nec
1763 2861 1903 2896 vaco

268 2947 301 2982 a
339 2930 447 3000 piis
488 2930 749 3000 negotiiS,
796 2930 969 2983 veluti
1014 2949 1046 2983 a
1090 2928 1544 2983 confessionibus
1583 2929 1899 2992 audiendis,

268 3017 566 3072 discordiis
643 3019 927 3084 tollendiS,
1004 3018 1339 3089 caeterisque
1413 3019 1610 3071 officiis
1680 3019 1902 3087 generis

271 3104 546 3171 ejusdem.
