2649 3754
607 331 713 389 154
989 332 1174 370 LIBER
1211 332 1315 371 VII.
1336 346 1410 356 —
1429 331 1725 371 EPISTOLA
1762 332 1866 371 VII.

605 467 872 521 domibus
922 466 1123 535 ligneis
1175 475 1421 544 constat.
1502 467 1615 521 Hic
1666 467 1942 536 plurimos
2003 465 2238 520 offendi·

606 571 732 607 mus
794 561 917 607 tum
971 572 1001 606 e
1053 552 1217 621 plebe
1278 560 1401 606 tum
1455 571 1486 607 e
1538 553 1853 616 nobilitate,
1913 551 2240 607 christianae

602 639 743 708 legis
781 640 1198 708 cognoscendae
1238 639 1598 708 percupidos.
1680 641 1883 708 Itaque
1923 657 2053 691 cum
2094 638 2238 708 opti-

583 730 761 799 ]mum
792 725 946 780 factu
987 726 1389 779 statuissemus
1429 727 1486 779 in
1528 726 1795 796 compitis
1833 744 1899 779 ac
1931 725 2113 780 triviis
2151 725 2240 779 bis

581 815 663 868 ¹in
718 814 810 880 die
865 814 1213 878 concionari,
1270 815 1451 868 nostri
1501 814 1648 868 illius
1697 814 1822 867 libri
1872 813 2064 883 capita
2111 831 2238 884 pro-

603 900 954 975 nuntianteS‚
997 901 1067 953 de
1108 900 1323 953 Christi
1364 901 1634 968 religione
1680 902 1751 954 ad
1796 901 2070 969 populum
2115 918 2237 954 ver-

606 986 680 1040 ba
726 986 1094 1050 faciebamus

678 1075 955 1143 Dynastae
998 1073 1172 1127 etiam
1216 1074 1472 1127 nonnulli
1518 1075 1754 1128 domum
1802 1092 1964 1127 suam
2008 1089 2112 1128 nos
2154 1073 2238 1127 in-

595 1159 880 1238 vitabant,
929 1166 990 1214 ut
1037 1159 1396 1214 commodius
1439 1160 1508 1215 de
1556 1168 1753 1215 nostra
1795 1159 2065 1229 religione
2108 1178 2236 1229 cog-

603 1255 906 1300 noscerent
920 1266 933 1308 ;
1016 1255 1188 1315 atque
1263 1247 1411 1299 ultro
1475 1248 1906 1316 pollicebantur,
1982 1267 2110 1299 eam
2176 1266 2236 1299 se

601 1324 704 1386 sua
745 1334 1036 1385 meliorem
1066 1334 1112 1385 si
1146 1334 1521 1399 censuissent,
1565 1335 1686 1386 sine
1727 1335 1839 1386 ulla
1878 1334 2238 1386 dubitatione

601 1427 987 1497 suscepturos
1074 1421 1157 1474 Ac
1198 1420 1361 1474 multi
1403 1428 1632 1475 nostros
1671 1437 1964 1476 sermones
2004 1421 2075 1475 de
2114 1420 2238 1492 lege

601 1507 796 1564 divina
847 1525 984 1563 sane
1035 1507 1277 1563 libenter
1328 1508 1638 1564 audiebant
1653 1526 1666 1573 3
1734 1508 1827 1563 alii
1881 1515 2080 1564 contra
2134 1507 2237 1563 ini-

600 1595 728 1667 quis
767 1595 1023 1649 ferebant
1064 1596 1288 1661 animiS,
1332 1597 1480 1650 ultro
1520 1597 1695 1650 etiam
1731 1617 1857 1666 quae
1899 1597 2239 1651 dicebantur

600 1682 932 1745 irridebant.
1014 1685 1170 1751 Ergo
1216 1683 1441 1752 quoties
1482 1702 1583 1752 per
1625 1684 1780 1736 urbis
1824 1684 1947 1735 vias
1991 1684 2235 1747 ibamu5‚

600 1763 774 1822 toties
827 1786 934 1821 nos
980 1786 1189 1838 magna
1234 1787 1541 1839 puerorum
1588 1777 1761 1839 atque
1813 1769 2026 1823 infimae
2079 1769 2237 1823 faecis

604 1855 912 1911 multitudo
964 1855 1204 1910 irridens
1257 1863 1429 1926 atque
1493 1856 1754 1921 illudenS,
1809 1856 2089 1926 ejusmodi
2142 1872 2237 1910 vo-

601 1942 763 1997 cibus
814 1943 1293 2011 prosequebatur:
1350 1945 1445 1996 En
1489 1943 1581 2013 qui
1632 1943 1874 1996 divinam
1917 1962 2009 1997 nos
2054 1943 2235 2012 legem,

598 2036 658 2084 ut
699 2029 837 2084 salvi
885 2030 1066 2094 simus,
1118 2030 1368 2100 suscipere
1409 2030 1626 2100 jubent;
1674 2036 1947 2102 propterea
1991 2030 2129 2100 quod
2170 2029 2236 2096 ab

597 2118 817 2173 interitu
854 2118 1122 2172 vindicari
1161 2119 1268 2172 nisi
1298 2124 1396 2190 per
1433 2119 1668 2171 omnium
1709 2137 1886 2172 rerum
1923 2121 1976 2171 E
1971 2118 2238 2189 ffectorem

598 2195 803 2277 ejusque
861 2205 1072 2258 Filium
1133 2223 1238 2259 non
1292 2207 1569 2277 possimuS.
1645 2207 1739 2259 En
1802 2206 1894 2277 qui
1945 2206 2067 2278 plus
2129 2222 2238 2258 una

598 2308 758 2347 uxore
794 2290 979 2346 habere
1016 2291 1163 2363 nefas
1200 2309 1300 2347 esse
1328 2292 1640 2364 praedicant.
1721 2291 2020 2348 Consimili
2062 2292 2236 2346 modo

601 2378 818 2449 reliqua
869 2386 1079 2434 nostrae
1131 2378 1418 2448 religionis
1474 2379 1664 2448 capita
1716 2378 2081 2434 inculcabant
2137 2395 2239 2448 per

601 2469 799 2531 ludum
846 2489 914 2524 ac
954 2470 1171 2539 jocum.

643 2557 815 2615 ‚Dies
859 2557 982 2628 jam
1035 2557 1251 2628 aliquot
1304 2575 1680 2628 posueramus
1732 2557 1790 2610 in
1844 2556 1955 2611 hoc
2007 2554 2237 2610 concio·

600 2642 827 2699 natorio
864 2663 1118 2710 munere,
1160 2664 1290 2699 cum
1331 2645 1479 2715 regis
1538 2645 1634 2716 qui
1674 2653 1797 2699 tum
1838 2645 1896 2698 in
1936 2645 2075 2698 urbe
2115 2649 2236 2697 erat

598 2732 878 2796 accersitu
943 2733 1016 2785 ad
1073 2751 1202 2785 eum
1268 2732 1548 2786 venimus,
1648 2731 2019 2786 Percontanti
2084 2730 2236 2783 unde

597 2816 836 2885 tandem
889 2837 1163 2884 essemUS,
1221 2838 1322 2872 cur
1380 2818 1437 2870 in
1493 2818 1803 2890 Japoniam
1861 2817 2235 2880 venissemuS‚

598 2905 999 2974 respondimus
1052 2923 1157 2958 nos
1205 2907 1522 2973 Europaeos
1587 2922 1728 2968 esse,
1778 2921 1846 2957 eo
1893 2903 2100 2957 missos
2153 2901 2234 2956 di·

597 2991 746 3046 vinae
798 2990 937 3060 legis
988 2991 1371 3060 praedicandae
1422 2990 1634 3060 gratia:
1693 2990 1903 3060 quippe
1955 3008 2085 3044 cum
2141 3006 2236 3043 ne-

598 3094 712 3142 m0,
754 3077 892 3147 quin
935 3078 1122 3132 Deum
1162 3078 1398 3147 ejusque
1451 3076 1659 3131 Filium
1697 3079 1897 3147 Jesum
1939 3076 2235 3132 Christum
