2649 3754
21 373 39 618 =„—-<-,·-⁴„.=÷,1⁴2,—7·—2v-2·—1„—³
25 361 31 367 ι
21 313 30 335 Ᾰ-ῑψ

32 857 35 868 -
32 817 40 852 az.
29 699 39 813 a-Jssz-fi-zn.
28 655 42 679 ..η
31 632 36 651 *2
28 619 34 627 '⁵

560 365 665 401 200
943 363 1128 400 LIBER
1165 364 1294 401 VIII.
1316 379 1389 385 -—
1409 362 1703 400 EPISTOLA
1742 362 1805 399 ΙΙ.

556 502 838 571 lacrymas
866 510 1060 555 tenere
1102 503 1194 555 vix
1237 522 1485 572 possem,
1516 522 1645 556 curn
1676 522 1967 557 cernerem
2002 504 2186 558 homi-

554 606 655 641 nes
700 588 837 640 mihi
882 589 1260 643 amicissimos
1304 591 1525 643 intimis
1568 591 1696 659 angi
1742 592 2020 656 sensibuS‚
2058 610 2185 661 pro-

550 681 679 743 pter
730 692 849 727 rem
903 674 1184 743 ejusmodi
1239 694 1364 744 quae
1419 684 1548 730 acta
1588 677 1710 745 jam
1757 685 1926 741 esset,
1976 695 2081 732 nec
2127 677 2184 731 in

552 760 837 828 integrum
885 761 1137 813 revocari
1185 761 1298 814 ullo
1347 764 1519 814 modo
1565 771 1778 830 posset.

626 849 676 898 E
723 847 954 914 regione
999 848 1260 917 Japoniae
1310 849 1574 900 Sinarum
1621 849 1776 917 regio
1823 857 1909 902 est
1955 849 2183 918 amplis-

546 934 692 987 sima
744 936 1059 1004 eademque
1111 936 1498 1004 pacatissima,
1553 944 1608 988 et
1666 938 1849 1005 (quod
1896 955 1964 989 ex
2017 937 2180 989 Lusi-

543 1021 695 1075 tanis
724 1022 1175 1090 negotiatoribus
1209 1023 1480 1090 cognovi)
1514 1022 1779 1075 omnibus
1813 1023 1988 1077 etiam
2019 1023 2182 1077 Chri-

546 1107 863 1162 stianorum
904 1108 1093 1177 regnis
1128 1108 1368 1177 justitiae
1412 1116 1467 1163 et
1508 1109 1794 1178 aequitatis
1835 1109 2002 1164 laude
2039 1129 2180 1178 prae-

544 1201 724 1246 stanS.
805 1194 957 1251 Sinae
1004 1213 1147 1262 quos
1192 1202 1315 1247 tum
1362 1194 1420 1246 in
1465 1195 1730 1265 Japonia,
1779 1203 1902 1248 tum
1950 1194 2074 1247 aliis
2121 1195 2179 1248 in

542 1279 682 1331 locis
733 1280 847 1331 vidi
902 1288 1073 1349 atque
1127 1281 1399 1333 odoratus
1453 1298 1598 1343 sum,
1668 1280 1855 1332 colore
1919 1281 2180 1333 similiter

540 1372 601 1419 ut
642 1367 895 1435 Japones
938 1366 1049 1418 albi
1093 1373 1242 1429 sunt,
1292 1366 1558 1434 acutique
1586 1373 1642 1419 et
1671 1366 1927 1419 discendi
1957 1367 2175 1435 cupidi3

540 1453 935 1521 magnitudine
985 1461 1184 1505 autem
1232 1453 1444 1521 ingenii
1498 1453 1671 1505 etiam
1722 1455 1977 1523 Japones
2022 1455 2177 1522 ipsos

538 1539 700 1591 facile
741 1540 996 1592 vincunt.
1075 1541 1254 1591 Terra
1293 1558 1462 1606 porro
1496 1540 1752 1591 omnium
1793 1557 1980 1591 rerum
2010 1541 2175 1609 copia

536 1626 894 1688 circumfluit,
938 1626 1195 1693 plurimis
1237 1626 1613 1693 maximisque
1648 1626 1879 1677 urbibus
1915 1626 2173 1694 frequen-

533 1721 674 1777 tata,
741 1722 797 1766 et
847 1714 1011 1766 urbes
1058 1713 1439 1766 celeberrimae
1501 1732 1566 1765 ac
1609 1713 1777 1766 tectis
1820 1713 2058 1783 lapideis
2102 1716 2174 1768 ad

537 1802 879 1870 elegantiam
934 1810 1242 1853 exornatae.
1324 1803 1612 1854 Constans
1659 1810 1743 1853 est
1792 1801 1942 1853 fama
1996 1803 2173 1870 regio-

535 1907 665 1941 nem
713 1906 836 1941 esse
885 1888 1233 1957 opulentam,
1283 1896 1339 1940 et
1387 1905 1516 1940 cum
1572 1888 1776 1940 ceteris
1828 1889 1996 1941 rebus
2047 1897 2171 1941 tum

534 1993 668 2028 vero
717 1975 896 2027 serico
950 1976 1361 2027 abundantem.
1445 1976 1495 2025 E
1545 1974 1697 2026 Sinis
1744 1975 1882 2042 ipsis
1928 1977 2171 2043 cognovi

538 2062 748 2116 multos
792 2062 930 2114 inibi
976 2080 1099 2114 esse
1147 2061 1451 2114 multarum
1498 2061 1795 2114 nationum
1839 2069 2010 2131 atque
2053 2081 2171 2116 sec-

532 2157 749 2212 tarum;
811 2157 867 2203 et
916 2159 1196 2219 quantum
1245 2168 1311 2202 ex
1359 2149 1690 2202 eorumdem
1746 2166 2006 2203 sermone
2060 2150 2170 2204 col-

525 2238 697 2307 ligere
760 2239 939 2307 potui,
1002 2238 1237 2309 Judaeos
1299 2238 1510 2291 ibidem
1565 2246 1620 2290 et
1675 2238 1993 2291 Saracenos
2046 2257 2171 2293 esse

525 2327 800 2395 suspicor.
837 2329 946 2380 'De
975 2327 1301 2380 christianis
1335 2327 1488 2395 quod
1517 2326 1771 2394 suspicer
1798 2327 1936 2379 nihil
1965 2327 2167 2381 habeo.

601 2416 780 2484 Spero
823 2434 914 2467 me
958 2415 1066 2468 hoc
1095 2434 1246 2467 anno
1278 2416 1517 2467 MDLII
1564 2433 1631 2467 eo
1674 2415 2166 2482 transmissurum,

530 2510 702 2571 atque
731 2504 803 2555 ad
835 2503 1103 2554 Sinarum
1147 2520 1338 2571 regem
1382 2509 1832 2570 penetraturum.
1913 2504 2168 2557 Omnino

525 2607 762 2657 regnum
810 2597 895 2642 est
949 2589 1252 2658 ejusmodi,
1308 2589 1403 2642 ubi
1459 2588 1836 2658 Evangelium
1884 2590 1930 2642 si
1977 2598 2166 2645 satum

524 2676 615 2738 sit,
658 2675 824 2744 longe
866 2693 931 2728 ac
972 2676 1085 2728 late
1125 2676 1427 2744 propagari
1469 2682 1659 2744 queat.
1741 2677 1929 2744 Atque
1969 2677 2163 2742 etiam,

528 2761 574 2813 si
618 2761 993 2814 christianam
1041 2762 1376 2829 religionem
1426 2762 1579 2814 Sinae
1625 2762 2011 2829 probaverint,
2060 2764 2165 2817 uti-

525 2866 633 2914 que
678 2849 932 2917 Japones
985 2867 1211 2915 quoque
1265 2848 1564 2915 religiones
1612 2848 1683 2899 ab
1730 2848 1811 2900 eis
1857 2850 2165 2903 accersitas

524 2933 813 2987 omittent.
895 2934 1086 2987 Distat
1139 2934 1387 3005 Japonia
1430 2954 1463 2986 a
1503 2934 1746 3002 Liampo
1802 2936 2161 3008 (Leang-pou,

525 3040 702 3091 prope
737 3023 1043 3093 Ning-po)‚
1074 3041 1200 3093 quae
1241 3024 1375 3076 urbs
1416 3030 1500 3075 est
1545 3022 1811 3075 Sinarum
1852 3025 2159 3094 praecipua,

523 3108 766 3179 trajectu
810 3109 985 3164 millia
1023 3127 1297 3180 passuum
1339 3108 1564 3165 circiter
1602 3115 1880 3166 trecenta.
