2639 3798
601 377 784 414 LIBER
826 378 898 415 IX.
921 394 993 401 ·—
1014 378 1307 416 EPISTOLA
1349 378 1438 416 XV.
1729 378 1832 434 405

207 511 393 566 minus
445 518 639 567 noster
691 530 794 566 nos
846 513 903 566 in
960 513 1214 567 Paradisi
1266 514 1443 583 gloria
1496 514 1824 584 conjungat.

208 598 365 653 Vale.

280 695 367 746 Ex
404 692 512 747 hoc
553 694 922 748 Sancianensi
962 703 1148 766 portU‚
1189 697 1367 766 pridie
1410 698 1544 750 Idus
1585 699 1828 751 Novem-

204 781 317 835 bris
356 783 526 835 Anno
570 783 827 836 MDLII.

348 929 507 982 Tuus
547 928 603 981 in
645 927 876 983 Christo
921 931 1137 994 Frater,

1352 1087 1752 1139 FRANCISCUS.

843 1278 1195 1314 -ωμοζομ-

670 1476 1148 1537 EPISTOLA
1211 1478 1363 1538 XV.

326 1709 466 1769 ΡΡ.
526 1708 924 1769 Francisco
981 1709 1278 1769 Perezio
1337 1718 1405 1770 et
1464 1709 1695 1769 Paulo

492 1804 816 1866 Antonio
868 1804 1208 1866 Herediae
1262 1805 1421 1867 Soc,
1465 1806 1525 1883 J.

268 2009 480 2061 Perezio
505 2009 652 2077 jubet
682 2013 738 2060 ut
768 2025 816 2060 se
846 2008 889 2061 C
895 2008 1099 2060 ocinum
1132 2008 1374 2076 conserat,
1410 2008 1610 2076 ejusque
1640 2008 1822 2078 praesit

199 2094 406 2164 collegio
417 2116 437 2156 ,·
474 2094 538 2146 H
539 2093 736 2157 medice,
765 2099 822 2145 ut
852 2093 921 2146 ad
946 2093 1162 2145 Barzan·
1187 2098 1366 2145 nutum
1401 2093 1472 2145 ad
1495 2088 1819 2163 Japonicum

199 2183 404 2234 aliudve
443 2183 543 2234 iter
578 2199 626 2233 se
666 2186 936 2251 comparet.

211 2328 521 2465 PATER
562 2329 866 2382 Francisce
910 2330 1099 2381 Perezi
1140 2347 1170 2381 e
1209 2329 1495 2381 Societate
1525 2331 1680 2399 JeSU,
1716 2329 1818 2381 im-

372 2434 507 2486 pero
558 2416 661 2469 tibi
714 2416 770 2468 in
824 2415 1030 2468 virtute
1084 2422 1296 2468 sanctae
1350 2413 1708 2477 obedientiae,
1757 2422 1818 2468 ut

200 2504 387 2556 statim
426 2523 459 2556 a
490 2504 611 2556 viso
648 2503 755 2555 hoc
790 2522 917 2555 meo
952 2503 1240 2564 mandatO,
1277 2511 1332 2554 te
1366 2501 1625 2554 conferas
1655 2501 1818 2554 Coci-

200 2605 348 2651 num,
388 2590 627 2641 navibus
664 2589 771 2641 hoc
809 2607 960 2640 anno
998 2588 1126 2640 illuc
1152 2574 1342 2649 'ituria
1377 2589 1590 2640 ducens
1627 2595 1817 2640 tecum

197 2673 472 2740 Joannem
540 2674 828 2737 Bravium,
891 2674 1141 2741 itemque
1204 2673 1561 2725 Bernardurn
1627 2673 1673 2724 si
1738 2673 1817 2726 ita

197 2756 294 2809 tibi
340 2758 648 2820 videbitur;
703 2766 758 2810 et
806 2777 871 2810 ex
917 2758 1007 2810 die
1054 2774 1165 2826 quo
1213 2757 1490 2811 Cocinurn
1538 2757 1812 2826 attigeris,

198 2859 486 2912 capessere
526 2845 776 2913 regimen
818 2844 1053 2913 incipias
1090 2843 1308 2913 collegii
1347 2843 1650 2896 Societatis
1686 2861 1813 2896 nos-

198 2934 312 2994 trae,
358 2932 518 3000 'quod
573 2932 630 2983 in
686 2949 750 2983 ea
803 2932 938 2983 urbe
990 2938 1102 2992 est3
1170 2930 1492 2998 ibidemque
1550 2947 1812 2984 exerceas

199 3016 506 3070 ministeria
551 3017 946 3078 concionandi,
992 3015 1376 3069 confessiones
1422 3016 1709 3080 audiendi,
1758 3025 1813 3071 et

199 3100 299 3158 alia
358 3104 508 3158 bona
565 3122 753 3176 opera,
813 3111 979 3171 prout
1040 3102 1283 3157 faciebas
1345 3102 1599 3166 Malacae,
1651 3103 1813 3175 juxta
