2639 3798
551 369 736 408 LIBER
773 369 901 408 VIII.
919 383 992 391 --
1009 369 1304 408 EPISTOLA
1341 368 1495 407 XXVI.
1735 367 1841 422 355

218 510 438 566 dinibus
489 526 820 577 progressus
872 526 1049 578 usque
1095 510 1167 561 ad
1219 509 1606 571 diaconatum,
1661 506 1842 560 iturus

217 601 356 653 istuc
408 604 511 649 est.
593 598 766 649 Hunc
818 614 924 665 ego
975 598 1243 665 juvenem
1311 614 1442 649 amo
1510 595 1846 665 plurimum,

217 683 480 756 quoniam
526 685 613 736 de*
638 684 744 737 Dei
790 683 980 737 favore
1022 701 1189 753 spero
1232 682 1351 737 fore
1393 683 1550 737 illum
1597 682 1842 752 Religio-

218 788 335 826 sum
381 765 623 832 bonum,
679 770 956 839 quidquid
1004 788 1131 824 meo
1185 771 1416 823 nomine
1468 778 1625 840 petet
1678 788 1711 822 a
1761 777 1839 834 te,

217 856 316 928 ipsi
360 856 695 925 gratificare,
748 856 1088 925 alloquendo
1130 875 1232 925 pro
1277 875 1362 920 e0,
1411 856 1636 925 quoties
1689 855 1842 910 volet

217 954 265 999 et
292 961 435 1012 opus
473 945 596 1006 erit,
627 944 925 996 dominum
965 945 1314 1013 episcopum.
1395 945 1517 997 Nee
1557 943 1678 996 sola
1711 961 1843 1012 spes

218 1048 380 1103 quam
422 1030 533 1083 dixi
561 1044 666 1083 vme
706 1030 782 1083 illi
824 1030 1116 1094 conciliat3
1174 1031 1273 1084 sed
1312 1030 1460 1101 grati
1509 1029 1685 1083 animi
1724 1029 1841 1083 offi-

217 1120 359 1173 cium
412 1126 687 1186 praeterea
733 1136 823 1170 me
876 1119 1036 1187 urget
1082 1120 1155 1172 ad
1201 1126 1471 1172 conatum
1527 1118 1840 1188 rependen-

217 1208 410 1260 dorum
453 1205 530 1258 illi
572 1205 997 1280 beneficiorum,
1041 1206 1246 1275 quibus
1293 1225 1383 1260 me
1431 1206 1537 1259 sibi
1583 1205 1842 1275 plurimis

216 1292 527 1355 obstrinxit,
582 1292 896 1346 inserviens
949 1311 1172 1363 semper
1225 1296 1281 1346 in
1328 1293 1595 1346 omnibus
1641 1300 1698 1346 et
1746 1292 1839 1346 be·

214 1381 375 1450 nigne
439 1381 733 1450 adjuvanS,
800 1382 1024 1452 quoties
1088 1383 1209 1452 ejus
1274 1400 1441 1452 opem
1518 1381 1835 1452 imploravi.

220 1470 341 1521 Hoc
394 1486 583 1521 meum
638 1468 895 1522 debitum
947 1468 1144 1539 gratiae
1197 1469 1271 1522 illi
1320 1468 1630 1523 referendae
1678 1469 1736 1523 in
1782 1477 1840 1524 te

216 1575 357 1610 nunc
407 1556 704 1621 transfero,
759 1575 872 1627 quo
924 1557 981 1610 in
1033 1557 1392 1623 exsolvendO,
1448 1576 1585 1612 eave
1650 1545 1839 1613 cesses

219 1652 307 1697 aut
335 1643 623 1712 langueas,

284 1732 439 1783 Deus
505 1730 790 1784 Dominus
848 1740 1041 1785 noster
1097 1731 1267 1786 faciat
1330 1740 1387 1786 te
1452 1738 1715 1787 sanctum
1779 1738 1836 1786 et

219 1818 461 1870 beatum.
540 1819 700 1871 Vale.

283 1905 499 1959 Cocino
543 1907 712 1959 VIII.
749 1906 872 1960 Kal.
920 1906 1103 1960 Maias
1147 1908 1251 1981 An.
1285 1907 1545 1961 MDLII.

284 2066 451 2120 Pater
494 2064 779 2119 Antonius
828 2065 1080 2123 Heredia
1125 2064 1297 2119 habet
1343 2064 1436 2118 hic
1481 2064 1686 2118 librum
1731 2064 1839 2119 sibi

217 2152 422 2217 utilem,
452 2154 550 2206 sed
592 2152 730 2206 mihi
771 2152 953 2222 magis
993 2152 1377 2208 necessarium
1417 2152 1528 2207 illic
1569 2171 1682 2222 quo
1709 2170 1836 2223 pro-

216 2257 342 2308 pero
393 2240 664 2294 futurum.
743 2241 1118 2295 Constantinus
1170 2240 1221 2295 ei
1273 2240 1415 2294 libro
1468 2258 1678 2294 nomen
1731 2250 1838 2307 est,

218 2345 377 2396 quem
441 2328 659 2382 auferre
711 2329 782 2381 ab
835 2347 902 2382 eo
960 2346 1132 2398 cogor
1183 2329 1255 2381 ad
1309 2328 1477 2381 Sinas
1542 2328 1838 2397 navigans·

221 2413 341 2468 Duo
386 2415 509 2484 ejus
554 2415 681 2469 istic
726 2415 1070 2485 exemplaria
1114 2415 1303 2468 videre
1357 2415 1610 2479 memini,
1662 2433 1838 2469 unum

218 2517 382 2566 penes
427 2503 796 2555 Franciseum
849 2504 1059 2570 Lopez,
1113 2501 1264 2553 aliud
1316 2502 1372 2553 in
1427 2520 1599 2554 manu
1638 2501 1840 2556 'Patris

221 2587 492 2643 Manuelis
520 2590 589 2643 de
621 2588 891 2651 Morales;
934 2588 1174 2642 alterum
1209 2587 1412 2642 horum
1440 2588 1608 2641 velim
1638 2606 1836 2658 quam-

217 2674 453 2741 primum
500 2676 698 2730 mittas
746 2676 901 2730 Patri
943 2675 1194 2731 Antonio
1241 2675 1525 2740 Herediae,
1570 2694 1705 2729 nam
1748 2693 1836 2741 e0‚

219 2768 273 2813 ut
313 2763 579 2828 indicavi,
627 2763 869 2817 multum
913 2771 1058 2833 eget.

283 2857 399 2926 Age
451 2858 649 2911 sedulo
713 2876 844 2910 cum
903 2857 1137 2911 domino
1201 2858 1471 2927 episcopo
1532 2865 1594 2910 ut
1647 2875 1841 2926 quem-

219 2940 341 2996 dam
394 2946 750 2999 sacerdotem
800 2945 1168 3009 Malabarem,
1223 2945 1454 2999 nomine
1502 2946 1839 3009 Ferranum,

222 3026 350 3082 citet
394 3032 466 3084 ad
510 3050 588 3095 se,
633 3051 700 3085 ac
742 3050 846 3101 pro
891 3031 1131 3101 imperio
1177 3032 1280 3084 sub
1328 3030 1713 3085 anathematis
1764 3030 1848 3084 in-

225 3116 644 3181 terminatione,
674 3118 828 3172 dicta
868 3118 958 3171 die
998 3118 1197 3171 sistere
1226 3136 1286 3170 se
1315 3119 1457 3171 Goae
1497 3135 1690 3171 coram
1731 3118 1855 3187 ejus
