2649 3754
615 350 716 402 182
994 364 1178 400 LIBER
1215 364 1343 400 VIII.
1365 379 1438 386 —
1458 358 1750 401 EPISTOLA
1790 363 1852 399 11.

614 502 830 555 salvum
884 520 1007 553 esse
1064 520 1249 569 posse.
1331 501 1485 554 Hinc
1538 520 1605 553 eo
1657 499 1995 552 delabuntur
2046 506 2106 552 ut
2160 499 2241 553 di-

616 596 750 643 cant
791 588 1119 641 mulieribus
1159 607 1402 657 quoque,
1445 588 1490 640 si
1523 588 1688 656 longe
1728 586 1890 656 plura
1930 605 2100 656 quam
2142 587 2243 639 viri

617 678 674 728 in
725 677 962 729 bonzios
1024 677 1387 741 contulerint,
1442 695 1599 747 spem
1659 676 1990 745 erumpendi
2043 694 2109 726 ex
2161 676 2243 726 in-

618 764 865 820 ferorum
912 781 1135 819 carcere
1182 765 1423 819 ostendi.

692 850 839 906 Illud
885 851 1058 906 etiam
1105 869 1207 920 pro
1253 851 1528 906 concione
1572 851 1942 921 pronuntiant
1989 869 2104 916 θος,
2149 851 2242 921 qui

617 939 920 1009 pecuniam
967 939 1185 992 bonziis
1232 939 1493 992 dederint
1540 938 1596 991 in
1642 938 1776 1001 vita,
1824 945 1952 1006 post
2000 946 2242 992 mortem

620 1028 808 1080 decies
848 1035 1072 1080 tantum
1114 1035 1392 1096 quantum
1434 1027 1710 1088 dederint,
1741 1027 2055 1095 eodemque
2083 1045 2242 1078 num-

619 1130 842 1166 morum
882 1130 1087 1182 genere
1127 1121 1480 1181 accepturos,
1511 1115 1582 1164 ad
1623 1130 1757 1164 usus
1796 1113 2057 1164 videlicet
2098 1114 2244 1164 illius

616 1199 748 1252 vitae
814 1199 1184 1251 necessarios
1264 1200 1385 1251 Nec
1451 1200 1655 1251 desunt
1720 1198 1900 1260 multi,
1966 1206 2088 1251 tum
2139 1199 2243 1251 viri

614 1291 738 1336 tum
786 1282 1031 1346 feminae,
1081 1282 1175 1351 qui
1224 1301 1490 1350 magnam
1544 1282 1763 1335 bonziis
1814 1281 1929 1335 vim
1983 1301 2244 1335 nummo-

614 1388 738 1423 rum
793 1369 873 1423 ita
940 1369 1194 1433 credant,
1249 1376 1309 1423 ut
1374 1387 1501 1422 eam
1555 1368 1759 1421 deinde
1813 1368 2052 1438 decuplo
2114 1378 2243 1422 c'um

616 1455 831 1508 foenore
896 1455 953 1506 in
1018 1455 1326 1507 immortali
1392 1456 1485 1507 illa
1547 1455 1664 1507 vita
1729 1455 1974 1523 exigant,
2041 1455 2245 1524 quibus

615 1541 803 1594 bonzii
864 1541 1064 1595 ‘sedulo
1130 1541 1344 1595 scilicet
1410 1549 1613 1595 cavent
1679 1540 2056 1610 chirographo
2122 1559 2243 1595 SUO.

617 1628 739 1682 Nec
778 1626 1001 1682 dubitat
1042 1627 1306 1696 imperita
1347 1626 1651 1682 multitudo
1692 1627 1761 1682 de
1812 1626 2108 1696 multiplici
2150 1627 2243 1683 illo

616 1714 833 1767 foenore
880 1715 1135 1784 pecuniae
1179 1715 1409 1768 creditae
1424 1734 1436 1776 3
1494 1715 1828 1767 bonziorum
1871 1714 2246 1784 chirographa

617 1801 917 1870 diligenter
963 1810 1275 1866 asservant,
1324 1821 1503 1871 eaque
1551 1802 1875 1854 moribundi
1922 1820 2114 1855 secum
2163 1821 2244 1855 se-

617 1887 775 1955 peliri
835 1888 1057 1956 jubent,
1124 1888 1333 1956 quippe
1398 1906 1593 1940 eorum
1659 1896 1893 1956 aspectu
1957 1889 2245 1942 diabolum

617 1973 797 2042 fugari
826 1974 1190 2027 arbitrantur.

694 2060 905 2113 Multas
956 2069 1232 2130 praeterea
1277 2060 1528 2113 fallacias
1572 2060 1878 2114 intendunt
1923 2062 2129 2126 bonzii‚
2178 2063 2248 2115 de

619 2147 824 2216 quibus
862 2147 981 2201 sine
1020 2147 1211 2201 dolore
1248 2166 1698 2202 commemorare
1728 2166 1843 2201 non
1872 2155 2036 2218 queo.
2103 2149 2248 2203 Illud

618 2233 901 2298 festivum,
949 2235 1102 2303 quod
1149 2253 1415 2287 nummos
1462 2234 1837 2304 eleemosynae
1882 2235 2113 2289 nomine
2157 2255 2247 2289 ac-

622 2319 838 2390 cipiunt
890 2321 961 2374 ab
1014 2321 1297 2386 omnibUS,
1357 2321 1463 2391 ipsi
1517 2321 1751 2375 omnino
1814 2322 1952 2376 dant
2015 2323 2247 2377 nemini.

627 2407 802 2461 Miras
842 2408 1215 2462 conciliandae
1256 2409 1512 2478 pecuniae
1552 2408 1672 2462 vias
1714 2416 1940 2473 norunt,
1971 2428 2111 2479 quas
2147 2429 2251 2480 ego

627 2513 698 2549 ne
731 2495 838 2548 sim
865 2494 1085 2565 longior
1123 2496 1518 2565 praetermittO.
1598 2498 1890 2566 Quantum
1931 2496 2252 2551 istiusmodi

626 2583 954 2634 hominibus
1031 2584 1261 2645 tribuat,
1342 2591 1620 2651 quantum
1694 2582 1969 2635 honorem
2045 2582 2252 2636 habeat

630 2669 954 2733 multitudO,
997 2670 1116 2721 sine
1171 2670 1404 2739 gemituv
1435 2688 1501 2721 ac
1556 2669 1854 2721 stomacho
1907 2670 2098 2722 videre
2141 2689 2254 2723 non

630 2773 954 2827 possumUS.

707 2843 820 2898 Sed
862 2844 934 2898 ad
977 2862 1066 2898 res
1107 2843 1163 2897 in
1208 2843 1454 2915 Japonia
1498 2851 1689 2914 gestas
1735 2845 1922 2899 rede0.
2003 2845 2254 2901 Primum

631 2931 820 3001 igitur,
867 2939 928 2985 ut
975 2949 1144 3000 supra
1189 2932 1594 2996 demonstravi,
1641 2932 2052 3001 Cangoximam
2100 2933 2287 3005 Pauli⁴

632 3018 875 3089 patriam
917 3019 1309 3089 applicuimUS,
1353 3019 1447 3073 ubi
1487 3019 1576 3073 ille
1616 3019 1858 3074 assiduis
1901 3021 2257 3075 sermonibus

632 3107 984 3177 propinquos
1036 3126 1169 3160 suos
1222 3106 1451 3161 Christo
1497 3107 1773 3176 adjunxit,
1821 3127 1887 3162 ac
1933 3108 2094 3163 facile
2139 3126 2256 3163 om-
