2639 3798
667 355 853 392 LIBER
890 355 993 393 VII.
1015 370 1087 377 -
1108 355 1402 394 EPISTOLA
1442 356 1521 394 VI.
1802 353 1905 408 145

275 495 652 562 universoque
700 494 912 562 populo
952 512 1087 546 sane
1127 502 1387 547 amanter
1426 511 1623 546 sumus
1662 491 1905 560 excepti.

276 580 435 634 Pauli
480 580 736 648 ejusdem
784 580 882 633 fidi
928 581 1106 634 nostri
1152 580 1378 635 comitis
1424 579 1621 633 statim
1668 577 1903 631 emicuit

273 667 560 734 religionis
599 666 751 719 haud
779 667 909 719 ficte
938 674 1217 735 susceptae
1249 666 1420 719 zelus,
1501 667 1717 719 Noctes
1757 665 1904 718 dies-

274 771 384 822 que
448 760 602 805 totas
666 752 1015 821 parentibu5‚
1092 752 1369 820 cognatiS,
1435 751 1635 804 amicis
1718 751 1907 804 omnis

275 839 479 902 aetatiS,
533 839 702 891 sortis
748 858 814 891 ac
860 838 1100 907 generiS,
1148 857 1465 907 proponere
1512 836 1729 891 Christi
1774 838 1906 890 doc-

274 924 483 977 trinam
513 943 579 976 ac
622 926 860 977 suadere
902 926 1109 976 institit
1151 934 1270 976 tam
1319 924 1640 987 efficaciter,
1685 932 1747 976 ut
1785 924 1907 991 jam

275 1010 505 1078 quando
534 1009 667 1064 ,haec
707 1010 910 1074 scribO,
957 1010 1199 1062 matrem
1240 1018 1295 1063 et
1335 1028 1588 1073 uxorem,
1629 1016 1908 1077 cognatos

274 1103 662 1165 cognatasque
702 1115 768 1150 ac
808 1087 1365 1166 consanguinitatem
1406 1097 1732 1150 universam
1773 1094 1909 1147 utri-

276 1202 454 1252 usque
490 1202 673 1247 sexuS,
714 1192 1163 1251 caeterorumque
1200 1183 1516 1236 amicorum
1554 1200 1622 1235 ac
1648 1189 1908 1235 veterum

274 1268 636 1324 familiarium
695 1288 811 1324 non
873 1271 1137 1341 exiguum
1200 1288 1501 1324 numerum
1564 1268 1909 1322 christianos

275 1358 542 1410 effecerit.

348 1446 456 1497 Est
507 1444 630 1496 haec
682 1453 851 1507 terra,
907 1442 1184 1513 quantum
1240 1444 1519 1497 hactenus
1571 1443 1733 1512 potui
1786 1461 1909 1513 per-

276 1531 509 1601 spicere,
572 1533 652 1585 ita
713 1550 865 1584 nunc
917 1542 1049 1602 apte
1107 1552 1174 1585 ac
1226 1532 1567 1600 tempestive
1629 1531 1910 1600 disposita

277 1618 348 1670 ad
390 1617 756 1686 excipiendos
801 1619 1050 1672 coelestis
1093 1620 1367 1672 doctrinae
1411 1627 1588 1683 satuS,
1633 1627 1696 1671 ut
1729 1638 1798 1670 ex
1823 1639 1909 1682 ea,

279 1703 324 1755 si
377 1702 597 1756 cultura
665 1722 779 1757 non
850 1705 1014 1768 desit,
1070 1706 1271 1758 uberes
1327 1706 1453 1774 jure
1516 1706 1737 1775 optimo
1790 1724 1914 1775 spe-

279 1798 473 1843 rentur
525 1790 741 1842 fructus
792 1790 1132 1843 animarum.
1213 1791 1388 1843 Natio
1435 1790 1565 1844 haecv
1602 1798 1688 1844 est
1731 1791 1913 1844 homi-

281 1896 435 1940 num,
483 1877 541 1929 in
588 1897 700 1945 qua
745 1877 833 1931 vel
877 1877 1183 1945 plurimum
1232 1896 1403 1946 supra
1454 1877 1915 1946 perturbationes

282 1965 425 2016 ratio
464 1965 649 2025 valet3
718 1984 823 2016 nec
883 1984 1008 2032 quae
1085 1971 1327 2032 peccant
1403 1963 1646 2033 plurima
1711 1972 1914 2020 contra

281 2053 418 2103 recti-
476 2052 677 2121 judieii
752 2052 1153 2104 auctoritatem
1234 2051 1654 2120 praescribunt:
1721 2060 1911 2107 errant

283 2139 433 2192 enim
486 2139 601 2193 fere
652 2156 753 2209 per
823 2140 1223 2208 ignorantiam,
1278 2147 1339 2191 ut
1407 2146 1681 2208 appareat
1720 2158 1911 2192 emen-

283 2227 514 2279 daturos
573 2228 618 2279 si
672 2228 1005 2278 doceantur.
1086 2229 1288 2294 Itaque
1350 2227 1652 2294 imperium
1707 2228 1913 2280 rationi

282 2330 445 2365 suum
493 2314 626 2365 mali
672 2313 846 2365 etiam
900 2332 1087 2365 mores
1140 2313 1568 2381 quodammodo
1620 2314 1909 2383 integrum

283 2399 623 2469 relinquunt,
672 2401 808 2451 dum
856 2418 971 2450 non
1017 2399 1206 2467 palam
1252 2406 1454 2451 contra
1511 2399 1634 2467 ejus
1679 2399 1911 2453 interdi-

282 2489 436 2538 ctum
477 2493 837 2554 usurpantur,
880 2487 979 2538 sed
1021 2486 1277 2555 precario
1310 2494 1366 2538 et
1407 2486 1622 2549 furtim,
1652 2505 1720 2538 ac
1748 2486 1912 2555 quasi

281 2569 421 2624 citra
473 2572 865 2642 praejudicium
919 2573 1230 2641 obrepunt3
1298 2590 1472 2641 quare
1529 2573 1760 2626 licentia
1812 2575 1909 2626 ob-

281 2662 551 2729 sequendi
602 2661 772 2723 vitiis,
828 2660 1213 2729 nequidquam
1268 2659 1618 2716 reclamante
1670 2660 1911 2726 ratione,

282 2761 394 2799 non
434 2749 578 2801 adeo
618 2748 674 2800 in
715 2747 822 2800 hac
862 2756 1032 2817 gente
1073 2766 1177 2800 usu
1218 2747 1474 2812 invaluit,
1505 2755 1567 2800 ut
1595 2747 1691 2801 ubi
1730 2747 1910 2802 scien-

281 2838 367 2886 ter
407 2834 787 2889 inverecunda
832 2835 1045 2904 passim
1087 2835 1310 2887 'malitia
1351 2843 1640 2904 peccatur.

358 2919 576 2975 Iremus
623 2923 744 2991 jam
797 2940 948 2976 nunc
1009 2924 1292 2986 Meacum,
1347 2923 1443 2975 ubi
1493 2923 1756 2993 Japoniae
1809 2924 1910 2976 im-

286 3016 511 3070 perator
563 3018 618 3061 et
671 3009 941 3077 praecipui
993 3009 1178 3077 gentis
1239 3009 1526 3077 principes
1578 3010 1812 3078 degunt,
1867 3011 1913 3063 si

287 3097 705 3161 tempestivitas
732 3106 1032 3149 ventorum
1062 3095 1249 3148 ferret.
1300 3095 1476 3149 Aiunt
1503 3096 1635 3164 post
1663 3096 1915 3165 quinque
