2649 3754
617 340 719 396 152
993 339 1179 377 LIBER
1216 340 1320 378 VII.
1342 355 1415 362 —-
1435 339 1729 378 EPISTOLA
1766 340 1870 378 VII.

613 476 944 545 religionem
984 475 1270 543 suscipere
1307 481 1613 543 pateretur,
1645 474 1921 550 ditionem
1961 474 2084 543 ejus
2121 473 2242 529 uni-

611 581 836 618 versam
864 561 1250 616 interituram:
1293 561 1510 629 patrios
1544 561 1681 614 deos
1714 562 1970 630 (Pagades
2009 565 2239 627 vocant)

612 648 670 702 in
723 656 1119 716 contemptum
1181 647 1575 716 indigenarum
1629 668 1752 700 esse
1803 657 2103 702 venturos:
2170 649 2244 702 le-

611 757 739 807 gem
787 736 995 806 quippe
1042 736 1291 788 divinam
1338 737 1632 808 Japonicis
1677 737 1893 806 legibus
1940 756 2063 790 esse
2109 756 2242 791 con-

611 826 873 881 trariam:
924 825 1187 894 quocirca
1232 824 1480 878 futurum
1527 833 1587 878 ut
1631 825 1725 894 qui
1769 844 1893 878 eam
1938 819 2242 895 amplecte—

612 920 825 975 rentur,
882 918 1278 964 sacrosanctos
1331 911 1612 964 avitarum
1665 912 1851 980 legum
1905 912 2114 965 latores
2160 931 2242 965 re-

612 1000 933 1069 pudiarent,
991 999 1048 1051 id
1087 1018 1221 1051 vero
1262 998 1383 1051 sine
1424 1018 1632 1068 magna
1672 999 1864 1068 oppidi
1905 1018 1972 1051 ac
2012 1000 2246 1052 ditionis

612 1086 863 1156 pernicie
916 1085 1035 1137 fieri
1089 1102 1202 1137 non
1256 1103 1450 1154 posse:
1512 1103 1685 1154 quare
1746 1086 2050 1154 respiceret
2118 1104 2243 1139 san-

614 1172 903 1226 ctissimos
944 1172 1067 1224 illos
1123 1172 1531 1241 Japonicarum
1589 1172 1776 1239 legum
1832 1179 2121 1233 auctores;
2189 1179 2244 1226 et

612 1258 883 1328 quoniam
924 1257 1175 1311 divinam
1215 1257 1397 1326 legem
1439 1258 1605 1312 avitae
1647 1258 2030 1311 adversariam
2071 1266 2243 1327 atque

610 1346 902 1400 inimicam
949 1365 1072 1399 esse
1119 1345 1372 1409 sentiret,
1421 1346 1668 1399 ediceret
1716 1354 1899 1399 morte
1948 1346 2243 1415 proposita

609 1453 679 1486 ne
720 1434 846 1503 quis
886 1433 943 1485 in
984 1441 1273 1502 posterum
1317 1434 1474 1486 fieret
1515 1433 1876 1486 christianus,
1959 1435 2087 1487 Hac
2116 1451 2242 1486 ora-

611 1523 768 1576 tione
834 1530 1174 1586 commotUS,
1234 1523 1458 1592 regulus
1512 1523 1593 1575 uti
1646 1523 1833 1574 bonzii
1886 1523 2244 1593 postularant

615 1610 808 1663 edixit.

688 1697 818 1750 Hoc
870 1696 1097 1751 interim
1146 1696 1333 1765 spatio
1381 1714 1485 1750 nos
1531 1696 1588 1749 in
1637 1696 1941 1766 neophytis
1987 1697 2243 1751 erudien-

612 1783 717 1845 dis,
756 1782 1025 1850 japonica
1066 1783 1258 1850 lingua
1300 1784 1590 1846 discenda,
1636 1782 2073 1851 christianaeque
2114 1783 2244 1835 fidei

611 1870 893 1938 capitibus
951 1870 1216 1938 japonice
1263 1871 1567 1922 vertendis
1633 1889 1864 1937 operam
1930 1871 2243 1938 posuimus

611 1959 693 2011 Ac
737 1958 806 2011 de
850 1957 1047 2010 mundi
1090 1957 1485 2025 procreatione
1528 1957 1774 2010 breviter
1820 1957 2246 2025 attingebamus

610 2062 694 2108 ea,
743 2062 869 2113 quae
916 2043 1072 2096 hisce
1118 2044 1446 2096 hominibus
1494 2052 1817 2112 opportuna
1868 2044 2240 2097 videbantur:

610 2129 784 2183 veluti
830 2131 1016 2182 Deum
1061 2129 1228 2198 hujus
1272 2131 1659 2183 universitatis
1703 2131 1966 2198 opificem
2012 2150 2077 2183 ac
2120 2149 2244 2199 pro·-

612 2225 926 2270 creatorem
994 2235 1135 2279 esse,
1203 2218 1355 2284 quod
1413 2217 1489 2267 illi
1555 2217 1809 2268 funditus
1875 2217 2244 2284 ignorabant:

612 2303 864 2372 itemque
910 2310 1117 2356 caetera
1163 2304 1234 2356 ad
1282 2303 1521 2356 salutem
1572 2304 1910 2368 necessaria,
1961 2304 2246 2373 praecipue

611 2409 747 2442 vero
778 2393 964 2441 Deum
994 2390 1305 2440 humanam
1336 2391 1586 2441 induisse
1616 2399 1900 2442 naturam.
1958 2391 2246 2458 Quamob-

613 2493 733 2528 rem
772 2475 966 2528 omnia
1008 2493 1134 2543 quae
1178 2476 1234 2526 in
1271 2475 1482 2528 Christi
1529 2476 1645 2528 vita
1688 2476 1910 2529 elucent
1955 2475 2241 2544 mysteria,

613 2579 792 2633 usque
852 2563 924 2613 ad
986 2563 1107 2628 ejus
1168 2562 1225 2613 in
1286 2562 1492 2614 coelum
1561 2580 1861 2614 ascensum
1927 2562 2244 2614 novissimi-

615 2666 724 2715 que
768 2646 978 2716 Judicii
1024 2647 1323 2708 rationem,
1371 2647 1738 2698 tradebamus
1785 2647 2099 2713 diligenter.

690 2734 841 2784 Eum
883 2732 1004 2799 jam
1051 2732 1254 2783 librum
1297 2733 1564 2805 japonice
1611 2752 1820 2800 magno
1866 2734 2058 2784 labore
2112 2751 2244 2785 con-

614 2838 840 2873 versum
894 2819 1243 2872 nostratibus
1304 2819 1506 2873 litteris
1570 2820 1986 2873 mandavimus,
2093 2820 2247 2874 Hinc

618 2909 886 2976 deinceps
926 2909 1020 2961 illa
1060 2927 1185 2976 quae
1227 2909 1339 2960 dixi
1383 2910 1454 2960 ad
1501 2909 1715 2961 Christi
1758 2910 1929 2961 fidem
1974 2910 2244 2962 acceden-

613 2997 765 3050 tibus
817 2997 1141 3061 recitamuS‚
1217 3007 1279 3050 ut
1333 2998 1605 3069 neophyti
1674 3000 1955 3052 rationem
2007 3006 2244 3052 teneant

617 3086 724 3140 Dei
777 3103 844 3139 ac
894 3088 1030 3162 Jesu
1084 3085 1299 3142 Christi
1352 3086 1443 3155 pie
1496 3103 1562 3140 ac
1616 3086 1938 3148 salutariter
2001 3086 2244 3147 colendi.
