2712 3754
713 358 781 415 54
1109 358 1290 398 LIBER
1327 357 1810 397 VL-EPISTOLA
1849 357 1928 395 VI.

713 499 1066 554 verecundiae
1119 516 1209 550 me
1262 498 1461 551 intime
1510 498 1764 552 confudit
1809 499 2050 568 propriae
2096 499 2332 568 ignaviae

717 585 1085 640 conscientia.
1153 584 1246 637 Sic
1292 584 1443 637 enim
1489 584 1784 638 habetote:
1836 592 2055 638 tantam
2110 584 2334 638 assidue

717 675 832 728 vim
909 672 1205 726 hominum
1285 672 1575 724 Francisci
1654 671 1865 724 Perezii
1936 671 2169 739 privatis
2237 679 2334 725 aut

720 759 959 831 publicis
1025 758 1380 811 sermonibus
1447 759 1518 810 ad
1584 758 1759 811 vitam
1824 758 1968 811 serio
2032 760 2335 811 emendan-

722 848 854 901 dam
922 845 1170 908 excitari,
1240 852 1453 914 quanta
1520 845 1772 898 detinere
1833 845 1969 898 satis
2028 853 2337 915 occupatos

722 941 914 1005 posset
968 951 1064 985 sex
1116 932 1269 1001 ipsos
1320 931 1463 984 bene
1509 931 1845 984 exercitatos
1890 930 2338 984 confessionibus

722 1021 1018 1075 audiendis
1076 1020 1400 1071 sacerdotes
1457 1026 1579 1071 tota
1637 1019 1727 1070 die
1780 1018 1917 1070 nihil
1969 1018 2116 1070 aliud
2171 1036 2337 1088 agen-

723 1117 826 1162 teS.
907 1108 983 1160 Et
1045 1113 1237 1159 tamen
1300 1105 1450 1158 idem
1514 1105 1597 1158 vir
1649 1123 1815 1174 super
1865 1103 1986 1159 haec
2039 1104 2231 1159 omnia
2282 1105 2338 1159 in

723 1194 984 1250 sodalitio
1064 1192 1441 1246 Misericordiae
1521 1200 1710 1261 partes
1785 1191 2068 1246 cumulate
2143 1191 2340 1262 implet

722 1299 921 1335 omnes
990 1278 1264 1348 capellani
1341 1281 1431 1342 (ut
1498 1281 1735 1342 vocant)
1806 1278 2121 1342 domestici,
2190 1279 2339 1349 quod

722 1369 966 1438 spissum
1039 1383 1104 1420 ac
1175 1366 1469 1435 multiplex
1536 1366 1692 1420 scitis
1759 1382 1882 1420 esse
1946 1366 2338 1421 ministerium.

794 1452 944 1523 Quid
996 1450 1087 1504 hic
1140 1450 1346 1513 dicam,
1401 1450 1508 1503 nisi
1555 1451 1826 1504 confitear
1871 1450 2075 1503 iterum
2127 1451 2342 1520 pudore

724 1559 836 1595 non
895 1539 1067 1592 dubio
1124 1539 1368 1591 suffundi
1429 1556 1518 1590 me
1576 1546 1834 1608 oportere
1902 1538 2124 1609 meique
2192 1539 2341 1591 simi-

722 1628 820 1691 les,
875 1627 970 1696 qui
1020 1624 1142 1692 sani
1188 1634 1243 1679 et
1288 1626 1541 1679 valentes
1585 1643 1783 1694 parum
1830 1626 2066 1694 agimUS,
2114 1625 2338 1680 interim

724 1718 858 1770 dum
911 1714 1119 1767 infirmi
1172 1733 1238 1767 ac
1298 1713 1689 1767 valetudinarii
1750 1722 1835 1767 tot
1890 1722 2207 1783 ereptarum
2270 1733 2337 1767 ex

724 1804 840 1859 orci
888 1803 1143 1856 faucibus
1195 1803 1387 1872 praeda
1432 1802 1846 1871 locupletantur
1890 1802 2228 1856 animarum.
2265 1819 2268 1823 ·

799 1890 1010 1946 Perezii
1067 1889 1271 1953 sociuS,
1319 1888 1581 1944 Rocehus
1634 1890 1702 1943 de
1756 1889 2020 1955 Oliveira,
2075 1908 2189 1945 non
2243 1891 2344 1945 mi-

727 1996 832 2032 nus
896 1984 951 2031 et
1016 1977 1137 2045 ipse
1201 1972 1427 2030 strenue
1481 1984 1651 2045 atque
1703 1976 1913 2030 utiliter
1964 1996 2194 2046 operam
2249 1998 2344 2031 na-

726 2073 840 2119 vat.
922 2064 1186 2117 Scholam
1240 2064 1380 2132 regit
1434 2081 1793 2116 numerosam
1838 2082 2161 2132 puerorum,
2210 2084 2344 2135 quo-

727 2167 851 2206 rum
928 2150 1067 2203 alios
1144 2150 1325 2219 legere
1396 2156 1682 2203 nostrates
1752 2149 1966 2203 litteras
2036 2169 2102 2205 ac
2175 2169 2344 2206 manu

728 2236 977 2306 pingere,
1041 2235 1179 2288 alios
1239 2235 1671 2303 grammaticam
1731 2235 1965 2288 latinam
2018 2237 2184 2290 docet
2199 2256 2213 2300 ;
2268 2238 2347 2291 id-

731 2340 840 2393 que
904 2330 1023 2375 tam
1090 2323 1303 2375 dudum
1371 2321 1561 2390 coepit,
1631 2330 1690 2375 ut
1753 2322 1872 2390 jam
1940 2324 2159 2377 emeriti
2226 2342 2348 2394 per-

733 2409 912 2473 multi,
989 2426 1255 2476 percurso
1331 2408 1602 2461 doctrinae
1681 2409 1840 2477 cujus
1910 2417 2041 2462 sunt
2112 2428 2349 2480 capaces

732 2497 885 2560 orbe,
968 2495 1236 2548 redierint
1320 2496 1572 2558 domum,
1658 2496 1901 2548 candore
1988 2516 2207 2550 morum
2294 2507 2349 2553 et

734 2582 903 2639 rectis
973 2582 1157 2637 omnis
1232 2582 1452 2652 generis
1529 2581 1798 2651 exemplis
1868 2583 2348 2650 demonstranteS,

738 2689 852 2724 non
905 2671 1025 2724 sine
1076 2670 1452 2739 gratulatione
1504 2677 1802 2737 parentum
1857 2689 1922 2723 ac
1973 2672 2349 2740 popularium,

739 2765 952 2827 quanta
1004 2757 1074 2809 sit
1128 2756 1442 2809 differentia
1493 2756 1636 2808 bene
1689 2756 1963 2811 institutae
2017 2766 2071 2810 et
2125 2759 2351 2813 incultae

738 2845 1013 2913 pueritiae.
1094 2847 1315 2912 Legunt
1359 2844 1435 2895 illi
1475 2845 1750 2912 expedite,
1792 2863 1857 2896 ac
1898 2852 2171 2912 quantum
2212 2863 2353 2913 opus

741 2941 825 2985 est
872 2932 1190 2999 intelligunt
1235 2931 1491 2998 vulgatas
1537 2930 1847 2982 summulas
1893 2931 2164 2983 doctrinae
2210 2931 2352 2982 chri-

742 3018 970 3080 stianae;
1025 3026 1079 3070 et
1133 3036 1327 3085 preces
1373 3016 1784 3069 ecclesiasticas
1830 3035 1859 3069 e
1904 3016 2045 3069 libro
2092 3016 2352 3078 recitant,

745 3105 1023 3158 modestia
1080 3105 1199 3175 jam
1263 3122 1328 3154 ea
1385 3122 1509 3175 quae
1564 3111 1887 3171 spectantes
1939 3104 2010 3155 ad
2066 3104 2189 3155 Deo
2240 3104 2353 3153 lau·
2412 3110 2416 3113 ’
