2639 3798
651 370 841 410 LIBER
879 371 956 409 v1.
978 385 1050 393 ·—
1070 371 1363 409 EPISTOLA
1378 405 1387 412 ,
1403 372 1480 410 IV.
1808 372 1875 426 35
1939 335 1945 340 ¹

249 612 408 663 spem
476 591 687 648 habent
751 592 809 647 in
878 595 1002 648 Deo
1066 601 1222 649 extra
1283 594 1481 649 mortis
1537 594 1870 664 periculum,

249 680 492 734 multum
547 680 810 733 differunt
863 680 934 733 ab
987 680 1071 745 iis,
1119 680 1215 751 qui
1262 680 1370 733 Dei
1414 680 1679 749 praesidio
1725 679 1871 744 freti,
1940 731 1942 733 s

246 768 452 824 divinae
519 768 710 839 gloriae
778 786 950 823 causa
1015 777 1219 840 sponte
1289 769 1491 839 capitis
1562 767 1865 821 discrimen

245 856 504 919 subeunt,
565 857 716 926 quod
760 856 955 925 utique
1013 857 1190 910 vitare
1251 857 1504 926 possint,
1568 857 1614 910 si
1673 857 1866 910 velint.

249 946 372 1012 Ego
456 961 588 996 vero
656 944 736 997 sic
787 962 1011 1007 censeO,
1084 944 1178 1013 qui
1248 943 1306 995 in
1377 941 1665 1012 perpetuis
1734 942 1866 996 vitae

246 1029 507 1100 periculis
568 1030 734 1083 unius
813 1031 919 1083 Dei
972 1049 1143 1083 causa
1203 1037 1522 1093 versentur,
1576 1029 1663 1083 his
1714 1028 1869 1083 brevi

245 1117 419 1170 vitam
479 1117 741 1169 acerbam
786 1117 903 1170 fore
960 1117 1040 1170 sic
1098 1126 1159 1170 ut
1221 1117 1363 1170 mori
1440 1124 1727 1186 expetant,
1810 1122 1870 1168 ut

246 1220 373 1259 cum
440 1204 565 1257 Deo
629 1204 821 1258 vivant
886 1212 941 1258 et
1006 1213 1243 1274 regnent
1307 1222 1531 1274 semper
1594 1203 1651 1254 in
1704 1202 1866 1255 coelo.

249 1290 389 1343 Haec
442 1290 593 1343 enim
647 1309 771 1360 quae
825 1290 1029 1344 dicitur
1078 1291 1212 1354 vita,
1267 1290 1405 1344 nihil
1457 1298 1542 1345 est
1590 1291 1697 1343 nisi
1743 1307 1865 1359 per-

245 1385 414 1446 petua
471 1379 732 1447 quaedam
787 1396 955 1442 morS,
1009 1386 1064 1432 et
1116 1377 1341 1431 exilium
1394 1396 1427 1429 a
1479 1377 1695 1430 coelesti
1748 1376 1862 1430 feli-

249 1463 437 1527 citate,
492 1463 563 1516 ad
617 1482 788 1533 quam
840 1464 1119 1532 procreati
1172 1464 1401 1533 natique
1453 1481 1665 1519 sumus,

314 1552 565 1621 Japones
618 1551 856 1605 comites
909 1551 1019 1605 mei
1072 1551 1151 1604 sic
1204 1550 1341 1602 mihi
1395 1550 1733 1603 denuntiant
1789 1549 1870 1602 fo-

252 1657 309 1690 re
386 1644 447 1690 ut
524 1637 724 1691 Bonzii
794 1637 880 1701 (hi
947 1645 1078 1693 sunt
1145 1638 1202 1692 in
1267 1638 1512 1709 Japonia
1582 1655 1870 1694 sacrorum

248 1725 561 1790 antistites)
637 1726 1009 1790 offendantur,
1083 1725 1128 1778 si
1199 1745 1302 1778 nos
1377 1724 1622 1779 viderint
1699 1743 1869 1778 carne

247 1820 342 1865 aut
421 1813 670 1880 piscibus
746 1814 914 1867 vesci.
993 1814 1235 1868 Proinde
1313 1814 1474 1868 nobis
1552 1815 1723 1868 fixum
1802 1832 1869 1867 ac

244 1904 534 1956 decretum
587 1912 673 1975 est
727 1902 892 1954 citius
943 1910 1276 1972 perpetuam
1330 1899 1577 1953 inediam
1630 1898 1866 1969 perpeti,

244 2007 411 2058 quam
477 1990 814 2059 cujusquam
876 1990 1158 2045 incurrere
1215 1992 1605 2045 offensionem.
1686 1992 1867 2044 Iidem

245 2094 509 2145 magnam
580 2076 637 2128 in
709 2076 954 2148 Japonia
1029 2076 1360 2130 bonziorum
1439 2077 1867 2132 multitudinem

243 2180 362 2216 esse
424 2172 671 2228 narrant,
735 2182 1042 2235 eorumque
1101 2163 1406 2216 maximam
1460 2164 1611 2233 apud
1663 2182 1864 2216 omnes

245 2248 468 2302 ordines
520 2249 936 2303 auctoritatem.
1017 2251 1182 2319 Quod
1240 2267 1343 2318 ego
1396 2251 1607 2304 idcirco
1659 2251 1862 2319 adjeci,

243 2343 300 2388 ut
369 2335 693 2406 intelligatis
763 2344 1111 2406 quantopere
1180 2343 1367 2389 vestra
1439 2335 1856 2404 Societatisque

246 2422 518 2477 universae
565 2424 963 2493 deprecatione
1009 2440 1293 2493 egeamuS,
1341 2422 1543 2493 quibus
1582 2422 1725 2476 tales
1765 2422 1860 2473 ad-

244 2510 471 2564 versarii
524 2510 636 2566 sint
689 2510 889 2579 parati.

316 2597 536 2650 Malaca
603 2597 886 2650 solvemus
952 2596 1074 2665 ipso
1148 2598 1204 2649 S.
1271 2595 1511 2666 Joannis
1583 2596 1862 2665 Baptistae

232 2681 411 2737 'natali
478 2684 587 2738 die.
667 2684 835 2738 Sinas
901 2684 981 2738 ita
1039 2682 1533 2753 praetervehemur‚
1602 2690 1663 2736 ut
1730 2701 1858 2735 nus-

241 2785 407 2835 quam
458 2778 688 2839 portum
740 2778 1019 2823 terramve
1064 2757 1372 2836 capiamus,
1433 2769 1655 2822 Absunt
1708 2769 1861 2822 Sinae

243 2871 273 2906 a
322 2857 565 2928 Japonia
629 2856 802 2910 millia
869 2875 1139 2926 passuum
1182 2855 1278 2908 >ad
1346 2862 1629 2908 sexcenta.
1710 2856 1861 2909 Con-

243 2940 427 2996 firmat
478 2944 824 3012 gubernator
874 2943 1033 2996 navis
1096 2960 1199 2996 nos
1262 2944 1519 3011 Augusto
1581 2941 1694 2994 fere
1747 2960 1861 2994 me-

246 3025 335 3079 dio
410 3029 466 3082 in
543 3029 847 3102 Japoniam
930 3036 1317 3098 perventuros,
1423 3027 1585 3081 Illinc
1634 3028 1704 3082 de
1755 3035 1866 3082 ter·

247 3129 318 3164 rae
374 3117 814 3178 conditionibuS‚
883 3118 952 3168 de
1018 3115 1202 3184 gentis
1270 3114 1525 3182 ingeniiS,
1593 3113 1863 3177 moribuS,

253 507 498 576 spoliant
570 526 629 562 se
701 508 866 562 rebus
941 508 1113 563 etiam
1185 508 1542 562 necessariis:
1622 508 1702 563 ita
1777 498 1873 580 qui
