2712 3754
755 304 823 354 90
1163 303 1346 338 LIBER
1387 300 1898 338 V11.—-EPISTOLA
1942 300 1977 337 1.

755 440 823 497 iis
888 442 981 509 qui
1048 449 1300 509 praesunt
1364 449 1614 494 mentem
1675 442 1959 501 daturum,
2027 447 2088 491 ut
2154 457 2221 490 eo
2285 456 2386 489 vos

755 527 1116 595 potissimum
1163 527 1414 590 mittant,
1456 527 1550 579 ubi
1591 536 1778 580 vester
1812 528 1971 579 labor
2010 524 2385 580 fructuosissi-

756 632 882 666 mus
929 613 1000 665 sit
1050 613 1288 666 futurus.
1371 617 1460 667 Ita
1507 615 1622 668 laeti
1668 623 1839 684 atque
1886 614 2102 667 alacres
2148 630 2387 679 magnos

757 702 813 751 in
874 702 1082 753 virtute
1145 718 1477 769 progressus
1538 700 1776 765 facietiS,
1844 708 1900 753 et
1953 708 2182 769 tempus
2236 707 2387 752 recte

756 786 1124 848 collocabitiS,
1189 788 1350 855 cujus
1403 788 1649 856 pretium
1704 788 1808 840 etsi
1863 786 2055 839 multis
2108 784 2384 853 ignotum,

755 881 950 924 tamen
994 873 1306 924 maximum
1347 883 1453 935 est,
1506 872 1786 942 siquidem
1826 880 1945 925 tam
1983 879 2246 924 accurate
2286 870 2386 922 otii

757 958 903 1011 ratio
964 965 1048 1011 est
1115 960 1239 1010 Deo
1304 959 1612 1012 reddenda.
1704 961 1852 1011 Nam
1915 958 2065 1011 anxii
2126 956 2387 1010 homines

756 1054 811 1097 et
873 1046 1170 1114 ancipiteS,
1230 1063 1412 1114 neque
1477 1046 1534 1098 in
1600 1046 1668 1098 iis
1728 1045 1867 1098 locis
1946 1046 2040 1098 ubi
2113 1063 2236 1099 esse
2294 1062 2385 1099 cu-

756 1132 918 1200 piunt
1003 1132 1314 1201 quidquam
1383 1133 1702 1202 proficiunt,
1770 1134 1920 1203 quod
1987 1132 2220 1194 absint;
2295 1150 2386 1185 ne-

756 1237 865 1287 que
930 1219 1024 1270 ubi
1079 1228 1209 1272 sunt
1274 1210 1385 1272 sibi
1431 1228 1527 1273 aut
1585 1220 1708 1273 aliis
1760 1228 2016 1290 prosunt,
2075 1219 2226 1289 quod
2279 1219 2388 1272 alio

759 1305 1032 1375 cogitent.

830 1392 1187 1462 Quicumque
1230 1394 1287 1445 in
1328 1394 1438 1447 isto
1485 1396 1544 1447 S.
1585 1394 1745 1447 Fidei
1785 1393 2020 1462 collegio
2059 1393 2384 1456 versamini,

755 1479 812 1531 in
849 1486 1051 1532 vestrae
1090 1479 1496 1531 imbecillitatis
1535 1481 1862 1549 cognitione
1900 1481 1995 1533 diu
2035 1479 2389 1548 multumque

753 1583 855 1616 vos
901 1566 1210 1618 exerceatis
1258 1584 1482 1629 censeO,
1533 1574 1831 1634 vestraque
1877 1567 2016 1618 vitia
2060 1566 2388 1618 hominibus

756 1652 851 1720 qui
890 1669 992 1704 vos
1032 1651 1270 1704 consilio
1310 1660 1365 1704 et
1407 1652 1614 1705 auxilio
1655 1653 1853 1721 juvare
1897 1660 2128 1721 queant,
2181 1652 2387 1718 (cujus-

756 1738 910 1791 modi
977 1740 1149 1791 vestri
1215 1739 1543 1792 confessarii
1602 1746 1751 1802 sunt,
1820 1738 2025 1806 aliique
2088 1740 2389 1790 domestici

756 1825 894 1877 satis
959 1824 1205 1891 experti)
1291 1824 1520 1890 penitus
1585 1825 1871 1893 aperiatis.
1965 1825 2251 1876 Nimirum
2328 1831 2388 1876 ut

756 1909 923 1963 istinc
961 1909 1170 1970 emissi,
1207 1918 1261 1961 et
1295 1929 1396 1961 vos
1430 1911 1535 1979 ipsi
1569 1919 1624 1963 et
1658 1911 1799 1962 alios
1835 1927 1937 1980 pro
1975 1927 2077 1964 usu
2115 1916 2170 1964 et
2210 1909 2387 1963 scien-

754 1996 851 2059 tia,
907 2015 1077 2065 quam
1132 2016 1164 2047 a
1210 1998 1340 2049 vitae
1394 1997 1839 2066 praeceptoribus
1892 1996 2134 2061 habetiS,
2191 2015 2388 2050 curare

756 2083 1006 2151 possitis„
1089 2083 1182 2135 Sic
1251 2084 1402 2136 enim
1474 2083 1744 2154 habetote
1810 2084 1972 2135 novis
2040 2101 2141 2136 vos
2205 2090 2387 2136 tenta-

753 2170 976 2222 tionum
1060 2170 1361 2237 generibus
1448 2169 1814 2222 sollicitatum
1898 2170 1983 2232 iri,
2059 2187 2187 2221 cum
2271 2168 2388 2220 bini

755 2264 852 2308 aut
897 2255 1069 2308 etiam
1125 2255 1327 2323 singuli
1379 2263 1531 2308 terra
1584 2257 1838 2324 marique
1890 2274 1993 2307 vos
2045 2256 2264 2308 cinctos
2307 2256 2382 2307 vi-

754 2341 960 2393 debitis
1025 2341 1393 2393 barbarorum
1469 2350 1565 2393 aut
1630 2349 2040 2409 tempestatum
2098 2340 2381 2409 periculis,

754 2445 879 2494 quae
966 2445 1257 2494 nunquam
1348 2436 1481 2479 ante
1580 2446 1649 2479 ne
1744 2427 2040 2496 cogitastis
2130 2427 2384 2496 quidem.

755 2514 922 2580 Quod
963 2513 1007 2564 si
1063 2514 1156 2581 qui
1211 2514 1266 2564 in
1322 2514 1509 2582 pravis
1568 2515 1742 2566 animi
1804 2514 2053 2567 motibus
2114 2513 2385 2566 edoman-

753 2601 859 2664 dis,
918 2601 1406 2670 versutissimique
1459 2600 1640 2654 hostis
1699 2599 1918 2653 insidiis
1971 2599 2386 2669 cognoscendis

755 2706 868 2741 non
925 2706 984 2740 se
1037 2688 1276 2740 multum
1341 2706 1407 2740 ac
1459 2687 1553 2740 diu
1616 2687 1988 2750 exercuerint,
2044 2686 2182 2755 ipsis
2235 2686 2382 2754 cogi-

753 2775 995 2826 tandum
1048 2774 1321 2843 relinquo,
1386 2782 1664 2844 quantum
1722 2772 1954 2842 periculi
2010 2772 2216 2825 adituri
2274 2772 2386 2825 sint

753 2879 882 2912 cum
942 2862 1222 2915 lacessent
1297 2861 1590 2923 mundum,
1646 2863 1735 2929 qui
1788 2867 1917 2913 totus
1960 2863 2158 2931 positus
2210 2869 2280 2913 est
2319 2863 2383 2912 'in

754 2949 1006 3017 maligna
1056 2956 1066 2977 ¹

836 3081 902 3111 1.1
918 3079 1029 3113 Joan.
1051 3080 1094 3118 V,
1116 3081 1165 3114 15),
