2639 3798
696 357 880 401 LIBER
916 358 1044 401 v111.
1066 377 1139 383 —
1159 356 1452 400 EPISTOLA
1493 357 1555 399 11.
1835 359 1938 418 179

316 499 601 553 merabilis
643 508 728 554 est
772 500 830 553 in
872 500 1116 571 Japonia
1163 501 1487 565 multitudO,
1531 519 1597 554 ac
1642 501 1811 571 plane
1856 500 1939 554 in-

315 586 615 651 credibilis,
662 586 768 640 nisi
817 586 867 640 ei
915 586 1008 656 qui
1055 587 1175 655 ipse
1220 587 1587 656 perspexerit.

390 674 647 744 Cognovi
693 694 759 727 ex
804 674 969 726 bonis
1021 674 1348 727 auctoribus
1400 675 1654 743 regulum
1707 694 1831 728 esse
1884 674 1941 727 in

316 763 403 817 his
448 762 605 828 lociS,
652 762 709 815 in
758 763 917 833 cujus
964 763 1178 815 ditione
1231 763 1495 816 coenobia
1547 763 1660 816 sint
1711 762 1941 816 bonzio-

316 869 441 906 rum
505 868 571 906 ac
634 851 965 906 bonziarum
1039 850 1200 906 facile
1276 852 1625 922 octingenta,
1691 852 1944 922 capitum

318 936 618 992 minimum
664 937 1010 993 tricenorum
1026 955 1038 1001 ;
1100 938 1535 994 innumerabilia
1584 946 1776 994 autem
1825 956 1948 994 esse

318 1026 414 1079 ubi
453 1026 733 1097 quaterni,
764 1025 883 1079 seni
924 1026 1230 1096 octonique
1268 1034 1591 1082 versentur:
1634 1027 1788 1096 quod
1828 1026 1948 1097 qui-

319 1116 449 1167 dem
488 1133 610 1183 eg0,
640 1122 916 1183 quantum
959 1114 1149 1167 videre
1190 1114 1368 1183 potui,
1400 1113 1562 1168 facile
1602 1115 1858 1169 >adducor
1887 1123 1949 1169 ut

319 1202 568 1255 credam.
647 1203 945 1254 Sectarum
989 1220 1113 1270 quae
1155 1201 1248 1253 hic
1289 1202 1495 1254 florent
1541 1200 1688 1254 ratio
1725 1220 1759 1254 a
1798 1200 1950 1254 Sinis

321 1286 502 1341 ascita
551 1297 654 1351 est,
709 1305 835 1356 quae
887 1304 1026 1356 gens
1079 1294 1163 1341 est
1215 1286 1273 1340 in
1327 1288 1652 1341 continenti
1696 1306 1726 1341 e
1769 1288 1950 1357 regio-

321 1393 391 1427 ne
448 1372 728 1444 Japoniae.
808 1373 961 1428 Hinc
1026 1373 1362 1428 memoriam
1426 1373 1639 1428 habent
1698 1375 1954 1446 Japones

322 1460 524 1515 litteris
592 1460 985 1530 consignatam
1055 1468 1353 1516 auctorum
1418 1460 1691 1531 cujusque
1760 1467 1952 1527 sectae,

322 1550 418 1619 qui
460 1549 612 1612 bina,
651 1557 750 1601 aut
792 1548 966 1602 etiam
1005 1557 1168 1602 terna
1209 1567 1491 1602 annorum
1520 1547 1695 1602 millia
1721 1547 1782 1602 in
1826 1547 1955 1603 soli-

320 1637 520 1690 tudine
581 1637 914 1691 voluntariis
966 1655 1026 1689 se
1081 1636 1267 1706 poenis
1329 1635 1592 1690 afflixisse
1662 1635 1949 1690 dicuntur.

328 1725 551 1778 Horum
603 1724 888 1795 principes
940 1732 1311 1778 numerantur
1360 1727 1513 1777 Xaca
1577 1724 1838 1790 (Chaka)
1898 1732 1954 1778 et

323 1812 546 1865 Amida.

399 1898 729 1967 Disciplinae
771 1898 859 1951 vel
900 1897 1149 1950 virorum
1191 1897 1278 1951 vel
1315 1898 1613 1951 mulierum
1660 1906 1792 1951 sunt
1834 1917 1952 1951 om-

323 1984 458 2037 nino
523 2002 747 2048 novem,
800 1984 1016 2053 legibus
1079 1984 1227 2037 inter
1279 2003 1338 2037 se
1391 1984 1782 2054 institutisque
1840 1984 1949 2038 dis-

324 2070 601 2134 sidente53
655 2070 894 2124 liberum
940 2078 1025 2124 est
1072 2071 1275 2141 cuique
1320 2072 1394 2124 ad
1441 2089 1568 2123 eam
1616 2089 1789 2141 quam
1833 2090 1949 2124 ma-

322 2157 471 2212 xime
509 2159 710 2228 probet
750 2158 1006 2211 animum
1047 2159 1348 2227 applicare.
1429 2161 1618 2228 Quare
1657 2176 1761 2211 usu
1795 2160 1952 2212 venit

324 2253 385 2299 ut
444 2246 547 2299 sub
605 2245 807 2298 iisdem
865 2245 1033 2299 tectis
1097 2245 1265 2298 aliam
1332 2255 1548 2299 sectam
1611 2244 1714 2309 vir,
1780 2245 1950 2298 aliam

324 2350 480 2396 uxor,
521 2332 690 2384 aliam
731 2331 888 2383 liberi
931 2339 1259 2399 sequantur.
1341 2332 1542 2399 Neque
1574 2349 1642 2384 ea
1681 2349 1770 2384 res
1811 2330 1951 2384 ullas

325 2418 437 2471 fere
475 2420 672 2472 turbas
712 2419 937 2482 excitat,
980 2436 1109 2470 cum
1149 2418 1331 2470 liceat·
1354 2417 1575 2486 cuique,
1613 2424 1675 2470 ut
1715 2416 1954 2486 quisque

323 2505 474 2570 velit,
527 2505 732 2559 vivere.
812 2507 1222 2558 Verumtamen
1275 2523 1426 2573 saepe
1478 2506 1627 2557 inter
1674 2523 1773 2557 eos
1819 2522 1952 2557 con-

325 2591 614 2645 troversiae
679 2599 734 2645 et
800 2592 1198 2645 contentiones
1262 2591 1530 2655 existunt,
1595 2609 1725 2644 cum
1791 2608 1951 2643 suam

328 2676 566 2746 quisque
625 2676 984 2747 disciplinam
1050 2677 1278 2746 reliquis
1342 2676 1622 2730 anteferre
1688 2684 1955 2738 conatur3

326 2769 498 2830 atque
544 2763 717 2816 etiam
765 2764 1049 2816 interdum
1081 2763 1321 2828 ¹venitur
1367 2764 1439 2814 ad
1487 2780 1707 2815 manus.

401 2851 488 2901 De
553 2850 751 2901 mundi
815 2858 987 2918 atque
1055 2849 1372 2901 animarum
1437 2848 1830 2916 procreatione
1894 2848 1952 2900 in

327 2932 482 2988 hisce
522 2935 835 3004 disciplinis
875 2936 1140 2988 omnibus
1181 2935 1386 2987 mirum
1427 2934 1735 2987 silentium.
1816 2934 1953 2988 Om-

328 3037 428 3072 nes
473 3022 697 3088 piorum
750 3030 920 3090 atque
972 3022 1358 3089 improborum
1408 3020 1571 3073 sedes
1623 3019 1952 3081 nomina'nt;

328 3107 479 3161 nulla
529 3116 725 3162 tamen
772 3127 965 3162 earum
1012 3115 1109 3161 aut
1163 3106 1482 3177 cujusmodi
1536 3106 1608 3160 sit
1654 3106 1954 3161 beatorum
