2639 3798
649 362 834 397 LIBER
871 362 975 398 v11.
998 368 1070 383 -ὲ
1091 360 1384 398 EPISTOLA
1425 360 1501 397 lv.
1781 359 1887 413 129

261 488 478 550 fratreS,
519 486 614 556 qui
655 486 894 539 salutem
936 486 1256 539 animarum
1297 494 1353 539 et
1394 485 1609 558 Christi
1649 486 1887 558 gloriam

263 574 481 637 sitiunt,
535 591 649 626 non
701 574 1087 626 invitabimus.
1167 574 1278 642 Qui
1331 582 1393 625 ut
1444 571 1891 641 frequentissimi

2445 468 2452 495 l

2445 496 2452 545 l

2444 598 2450 622 ἶ
2486 637 2490 639 .

262 663 511 727 veniant,
565 664 840 732 supererit
893 672 1088 716 tamen
1133 664 1439 717 multorum
1482 670 1759 731 praeterea
1801 680 1892 716 co-
2440 649 2488 737 l

265 750 493 807 natibus
533 769 599 803 ac
639 750 816 803 labori
858 750 1034 804 locus.

339 839 489 908 Nam
534 846 914 907 praeterquam
956 838 1108 907 quod
1152 837 1393 909 Japonis
1439 854 1676 907 regnum
1705 854 1805 907 per
1833 854 1892 890 se

266 924 516 994 amplum
581 932 684 989 est,
750 924 902 978 aliud
967 925 1139 977 etiam
1206 925 1384 977 multo
1444 924 1647 993 majuS,
1689 942 1895 992 nempe

270 1013 553 1087 simarum,
583 1013 763 1076 abest,
805 1012 938 1065 hinc
978 1031 1093 1065 non
1127 1013 1252 1082 plus
1289 1014 1488 1066 decem
1517 1011 1900 1067 ,duodecimve

269 1100 485 1152 dierum
532 1100 794 1167 trajectu,
876 1101 1087 1170 Magna
1137 1118 1270 1152 vcro
1323 1117 1520 1152 sumus
1566 1099 1624 1152 in
1671 1116 1770 1168 spe
1821 1097 1898 1162 (si

269 1194 385 1240 tam
431 1186 526 1238 diu
570 1193 834 1254 suppetet
878 1186 1043 1238 nobis
1084 1186 1221 1250 vita)
1269 1186 1476 1254 partim
1535 1204 1636 1254 per
1672 1202 1771 1239 eos
1804 1183 1899 1253 qui

270 1272 436 1325 istinc
475 1272 753 1335 venerint,
795 1272 1002 1340 partim
1045 1291 1144 1340 per
1183 1291 1281 1325 eos
1321 1273 1416 1341 qui
1457 1291 1525 1341 ex
1557 1272 1646 1325 his
1673 1270 1898 1340 populis

269 1361 338 1412 ad
382 1358 596 1411 Christi
639 1359 853 1410 cultum
899 1359 1105 1411 fuerint
1148 1359 1414 1422 traducti,
1459 1377 1563 1412 nos
1607 1358 1757 1418 intra
1801 1357 1895 1411 de-

270 1447 533 1501 cennium
586 1447 643 1499 in
697 1446 784 1499 his
836 1447 1158 1516 regionibus
1211 1445 1471 1500 confecta
1527 1444 1706 1500 multa
1757 1463 1897 1515 prae-

271 1535 416 1588 clare
466 1534 703 1587 visuros
799 1535 912 1588 Sed
975 1535 1044 1588 de
1097 1534 1254 1588 omni
1318 1533 1648 1588 conditione
1709 1550 1897 1589 rerum

277 1621 663 1674 Meacensium
712 1629 767 1674 et
823 1621 1266 1685 academiarum,
1315 1622 1467 1690 quod
1523 1622 1595 1674 ad
1643 1620 1899 1674 christia—

280 1727 410 1760 nam
464 1727 582 1760 rem
624 1710 890 1777 pertinet,
934 1717 1066 1762 ante
1107 1708 1319 1762 exitum
1360 1707 1493 1761 anni
1543 1707 1771 1771 MDLI,
1811 1723 1905 1761 vo-

274 1796 420 1848 lente
469 1798 611 1859 Deo,
660 1798 949 1864 explorata
992 1799 1063 1848 ad
1106 1816 1207 1849 vos
1255 1796 1449 1849 omnia
1496 1801 1903 1865 compertaque

279 1883 642 1951 perscribam.
724 1885 854 1936 Hoc
912 1902 1064 1936 anno
1110 1883 1297 1936 bonzii
1344 1884 1456 1936 duo
1503 1882 1560 1935 in
1617 1880 1907 1939 Meacensi

283 1977 336 2021 et
376 1970 707 2022 Banduensi
746 1971 1041 2023 academia
1086 1971 1313 2034 versati,
1362 1979 1417 2023 et
1464 1988 1594 2023 cum
1640 1970 1709 2022 iis
1755 1987 1906 2022 com-

282 2055 466 2124 plures
507 2057 755 2128 Japonii,
787 2058 858 2110 ad
903 2057 1211 2110 christiana
1253 2057 1524 2128 mysteria
1559 2073 1906 2126 cognoscen-

280 2146 349 2197 da
387 2147 824 2214 proficiscuntur
851 2148 908 2197 in
940 2146 1185 2198 Indiam.

351 2233 457 2286 Die
505 2234 599 2303 qui
646 2234 750 2286 fuit
799 2235 946 2285 Divo
996 2234 1261 2285 Michaeli
1308 2252 1484 2296 sacer,
1534 2251 1664 2285 cum
1711 2230 1905 2300 regulo

283 2319 709 2387 Cangoximano
753 2322 1016 2374 collocuti
1061 2339 1275 2385 sumUS,
1305 2322 1401 2391 qui
1444 2340 1549 2373 nos
1592 2321 1905 2373 admodum

282 2402 584 2460 honorifice
631 2412 898 2476 exceptos
944 2408 1242 2461 admonuit
1289 2415 1349 2461 ut
1397 2408 1724 2461 christianae
1768 2408 1939 2477 legis·

281 2492 565 2546 volumina
606 2494 907 2563 diligenter
946 2513 1393 2549 asservaremus:
1436 2513 1607 2565 quam
1637 2495 1683 2549 si
1709 2483 1905 2550 veram

283 2595 590 2648 sanamque
632 2581 998 2649 perspexerit,
1044 2581 1334 2636 enimvero
1383 2581 1501 2636 fore
1542 2589 1602 2636 ut
1644 2581 1904 2637 diabolus

284 2666 681 2737 disrumpatur.
763 2668 966 2722 Paucis
1018 2668 1224 2723 deinde
1276 2676 1407 2738 post
1470 2669 1670 2724 diebus
1732 2669 1907 2726 edixit

283 2752 444 2809 licere
487 2758 754 2810 omnibus
782 2758 877 2828 qui
921 2758 1025 2809 sub
1068 2758 1190 2827 ejus
1232 2757 1471 2827 imperio
1514 2765 1646 2810 sunt
1674 2757 1906 2826 impune

283 2838 396 2894 fieri
457 2842 815 2898 christianos.
912 2846 1054 2898 Haec
1085 2861 1212 2914 'ego
1273 2845 1491 2898 laetiora
1542 2845 1599 2898 in
1652 2853 1908 2898 extrema

284 2927 517 2992 epistola
563 2931 842 2993 adscribO,
887 2950 999 2999 quo
1047 2932 1227 2999 magis
1272 2949 1342 2999 ga
1386 2932 1569 2986 deatis
1614 2939 1671 2985 et
1716 2939 1906 3001 gratu·

284 3010 472 3067 lemini
502 3019 753 3070 Domino
784 3021 908 3071 Deo
937 3027 1152 3071 nostro,

308 3094 311 3096 ’
356 3100 535 3156 Nobis
566 3107 656 3169 (ut
701 3106 970 3170 arbitror)
1018 3105 1141 3158 haec
1183 3105 1366 3157 hiems
1394 3105 1451 3158 in
1481 3104 1732 3158 articulis
1774 3104 1907 3160 fidei
