2639 3798
538 357 541 360 ’
580 361 764 400 LIBER
802 361 1287 401 v1.--EPISTOLA
1327 364 1403 400 IV.
1733 363 1796 415 31

180 499 295 553 fieri
362 499 501 552 velle
569 500 968 563 christianum3
1048 502 1268 571 itaquev
1309 503 1526 570 legatos
1592 505 1663 554 ab
1734 521 1801 553 eo

180 585 247 638 ad
307 592 610 653 praetorem
675 584 853 639 Indiae
916 585 1121 640 missos
1182 604 1311 640 cum
1374 587 1679 650 mandatiS,
1740 595 1801 641 ut

179 671 390 740 aliquot
461 680 669 724 nostrae
743 671 1046 726 Societatis
1117 671 1380 725 homines
1446 671 1802 740 postularent

179 756 499 813 christianae
566 757 704 828 legis
772 758 1091 828 magistros,
2404 727 2411 837 l

250 847 318 898 In
372 844 573 899 iisdem
634 846 836 901 litteris
879 846 1014 900 illud
1060 865 1285 917 quoque
1338 854 1458 900 erat
1505 846 1798 917 scriptum,
2361 841 2409 922 l

181 936 233 986 in
300 934 549 1002 quodam
615 934 875 1004 Japoniae
943 934 1153 1003 oppido
1222 942 1567 987 mercatores
1639 935 1799 994 Lusi-
2361 923 2409 1009 ⁵l

181 1030 344 1075 tanos
399 1019 561 1090 jussu
624 1020 771 1090 regis
832 1019 889 1074 in
946 1019 1257 1090 hospitium
1312 1019 1668 1075 daemonibus
1720 1019 1799 1075 in·
2370 1011 2413 1098 ff}
2473 1077 2475 1079 ,

182 1109 383 1162 festum
451 1128 517 1160 ac
578 1116 878 1177 propterea
944 1111 1250 1172 desertum,
1315 1127 1437 1161 esse
1505 1110 1799 1162 deductos.
2130 1111 2135 1115 ’
2370 1097 2407 1194 l‘}
2476 1101 2481 1104 ⁴

185 1196 267 1250 Ibi
328 1213 457 1250 curn
520 1196 700 1264 ignari
752 1196 929 1249 totius
989 1196 1068 1249 rei
1141 1196 1404 1250 Lusitani
1461 1195 1666 1250 lacinia
1719 1214 1799 1248 re·
2400 1195 2403 1206 ’

181 1280 552 1345 traherentur,
606 1289 661 1334 et
713 1281 970 1335 conversi
1016 1282 1155 1334 nihil
1201 1282 1436 1335 omnino
1482 1290 1799 1345 cernerent,

182 1369 453 1423 attonitos
538 1369 673 1437 quid
768 1370 1003 1421 tandem
1088 1369 1145 1419 id
1231 1376 1379 1419 esset
1479 1367 1799 1437 requisisse.

185 1456 363 1507 Nocte
440 1463 631 1508 autem
704 1455 969 1523 quadam,
1043 1472 1171 1507 cum
1252 1454 1495 1506 famulus
1538 1462 1802 1522 ,spectro
2394 1515 2399 1527 ἶ

184 1543 367 1595 nescio
435 1561 547 1612 quo
604 1542 903 1595 exterritus
953 1541 1344 1605 exclamasset,
1416 1560 1483 1594 eo
1554 1541 1801 1595 clamore
2357 1530 2400 1616 {f}
2433 1536 2466 1569 ”

183 1628 421 1696 reliquos
482 1629 759 1683 excitatos
820 1629 1121 1697 arripuisse
1183 1647 1360 1693 arma,
1423 1629 1573 1682 aliud
1641 1628 1800 1698 quip-
2346 1634 2397 1697 l
2466 1654 2471 1673 :

183 1713 328 1782 piam
397 1734 519 1783 esse
581 1713 998 1768 existimantes:
1068 1714 1271 1783 quibus
1331 1713 1609 1776 tumultus
1672 1731 1800 1768 cau·
2347 1710 2399 1822 ζ

185 1820 298 1855 sam
357 1802 773 1871 requirentibus
830 1802 1189 1871 respondisse
1245 1820 1482 1870 puerum
1546 1819 1605 1852 se
1668 1819 1799 1854 noc·
2348 1785 2389 1807 ”¹

184 1897 344 1941 turno
404 1897 630 1958 spectro
697 1888 1017 1957 perculsum
1085 1888 1440 1941 inclamasse.
1521 1888 1661 1940 Inde
1723 1887 1800 1941 fa-

185 1976 391 2029 mulum
458 1976 613 2029 illum
681 1976 1000 2044 complures
1067 1974 1413 2043 disposuisse
1481 1993 1677 2028 cruces
1744 1976 1800 2028 in

186 2062 411 2126 aedibus,
475 2070 531 2116 et
593 2070 817 2131 spectra
876 2061 968 2114 illa
1020 2061 1334 2114 evanuisse.
1400 2061 1661 2131 Denique
1719 2062 1799 2114 in-

186 2148 330 2203 colas
382 2149 708 2204 enuntiasse
762 2147 1051 2203 Lusitanis
1104 2148 1161 2201 in
1214 2147 1383 2202 tectis
1444 2148 1551 2201 illis
1606 2148 1799 2202 diabo-

186 2233 261 2287 los
326 2234 600 2299 habitare,
669 2242 725 2288 et
792 2234 959 2288 simul
1034 2234 1303 2303 quaesisse
1380 2251 1491 2303 quo
1562 2236 1797 2289 tandem

186 2323 426 2377 remedio
471 2322 796 2393 fugarentur
810 2342 822 2385 ;
892 2330 1012 2375 tum
1059 2320 1418 2391 respondisse
1490 2320 1799 2375 Lusitanos

187 2409 390 2465 nullum
471 2410 785 2464 remedium
866 2427 1030 2463 cruce
1119 2410 1456 2482 praesentius
1541 2409 1798 2469 inveniri.

190 2496 381 2566 Itaque
440 2505 814 2567 posteaquam
876 2514 1002 2550 eam
1064 2498 1297 2550 domum
1358 2497 1621 2551 Lusitani
1678 2515 1799 2552 cru-

187 2581 335 2637 cibus
387 2584 444 2636 in
494 2583 772 2637 vestibulo
829 2583 1029 2652 positis
1091 2583 1415 2647 munierint,
1479 2583 1798 2652 exemplum

187 2667 376 2724 incolis
461 2671 688 2734 secutiS,
775 2679 907 2724 ante
994 2672 1195 2724 domos
1279 2670 1492 2738 passim
1586 2670 1801 2724 excitas

187 2771 388 2808 eruces.

252 2842 336 2894 Ad
397 2842 519 2894 haec
581 2843 966 2904 nuntiabatur,
1030 2842 1087 2891 in
1152 2841 1399 2912 Japonia
1458 2841 1799 2895 latissimum

192 2925 492 2997 Evangelio
553 2936 748 2997 patere
810 2946 1103 2996 campum:
1167 2936 1393 2996 gentem
1462 2929 1612 2981 enim
1671 2947 1799 2997 pru-

191 3010 409 3068 dentem
471 3033 594 3068 esse
656 3023 827 3084 atque
888 3014 1258 3083 ingeniosam,
1321 3013 1527 3067 rationi
1583 3015 1800 3068 obtem-

192 3109 493 3166 perantem,
549 3101 916 3171 discendique
962 3100 1347 3170 percupidam.
1415 3101 1697 3171 Quocirca
1743 3102 1801 3156 in
