2649 3754
653 327 752 377 106
1051 338 1233 375 LIBER
1273 338 1787 377 V11.—EPISTOLA
1830 340 1865 376 1.

648 472 912 524 Sinarum
968 471 1073 524 hac
1126 472 1291 540 longe
1346 473 1640 541 majorem,
1697 492 1809 543 quo
1863 473 1984 526 sine
2038 472 2150 525 ullo
2198 472 2276 523 in-

638 559 802 626 juriae
868 559 937 610 ab
1003 559 1284 626 indigenis
1351 568 1504 612 metu
1559 562 1748 613 aditus
1800 568 1996 629 patere
2049 560 2275 621 dicitur,

645 654 882 713 accepta
949 647 1059 697 fide
1131 646 1355 714 publica
1427 647 1573 715 regis
1642 648 1921 717 Japonii,'
1966 647 2127 715 cujus
2196 663 2278 698 se-

644 733 832 785 cunda
894 732 1187 785 voluntate
1252 751 1547 800 speramus
1616 752 1737 796 nOS,
1808 735 1853 786 si
1926 735 2050 786 Deo
2119 733 2276 786 cordi

648 818 772 881 erit,
830 838 1048 871 usuros

721 908 842 957 Rex
908 906 1058 956 enim
1121 907 1381 975 Japoniae
1447 907 1664 958 amicus
1730 914 1813 958 est
1870 907 2136 958 Sinarum
2198 924 2278 958 re-

644 992 748 1060 gie,
815 1000 870 1044 et
918 991 1185 1043 amicitiae
1238 1010 1410 1043 causa
1462 993 1718 1061 ejusdem
1773 994 2044 1045 annulum
2092 1010 2158 1046 ac
2207 993 2275 1045 si-

644 1097 820 1147 gnum
887 1079 1037 1146 apud
1104 1096 1162 1130 se
1216 1078 1423 1130 habere
1477 1078 1668 1141 fertur,
1726 1087 1784 1132 ut
1836 1079 2156 1149 Japonibus
2220 1079 2276 1130 in

648 1165 813 1216 Sinas
867 1164 1357 1231 proficiscentibus
1411 1165 1580 1217 fidem
1636 1165 1922 1233 publicam
1977 1165 2133 1233 regio
2180 1164 2274 1217 ob-

647 1251 932 1320 signatam
991 1249 1202 1303 annulo
1259 1252 1463 1305 tradat.
1545 1252 1884 1321 Complures
1938 1261 2131 1305 autem
2184 1254 2278 1323 Ja-

646 1357 859 1406 ponum
914 1358 1088 1390 naves
1141 1339 1196 1390 in
1253 1339 1420 1391 Sinas
1473 1340 1691 1392 dierum
1746 1340 1944 1392 decem
1992 1348 2089 1393 aut
2138 1341 2273 1393 duo-

646 1427 830 1480 decim
896 1428 1137 1494 trajectu
1205 1428 1469 1495 navigare
1534 1429 1816 1480 dicuntur.
1900 1430 2112 1497 Magna
2176 1446 2281 1481 nos

647 1532 776 1581 spes
840 1522 1016 1575 tenet,
1084 1514 1128 1564 si
1195 1513 1280 1564 vel
1346 1514 1604 1564 decennii
1657 1514 1833 1565 vitam
1893 1515 2049 1566 Deus
2118 1514 2282 1566 nobis

647 1600 990 1668 suppeditet,
1060 1599 1237 1652 multa
1302 1618 1406 1651 nos
1458 1599 1729 1667 praeclara
1781 1599 2001 1652 visuros
2061 1600 2280 1662 effecta,

646 1686 883 1756 partim*
923 1704 1021 1755 per
1084 1704 1181 1738 eos
1250 1685 1345 1755 qui
1413 1685 1580 1738 istinc
1649 1686 2000 1750 advenerint,
2071 1686 2281 1756 partim

646 1794 746 1844 per
809 1793 906 1827 eos
960 1792 1102 1842 quos
1156 1773 1246 1827 hic
1300 1774 1470 1826 iidem
1526 1774 1603 1825 illi
1657 1775 1728 1826 ad
1784 1793 1932 1826 verae
1996 1774 2284 1843 religionis

648 1862 1035 1931 cognitionem
1109 1869 1162 1913 et
1235 1861 1571 1929 obsequium
1651 1862 2042 1914 excitaverint.
2126 1863 2284 1914 Intra

648 1968 861 2001 annum
916 1949 1084 2016 hujus
1138 1948 1327 2000 saeculi
1381 1948 1915 2016 quinquagesimum
1971 1949 2040 2001 de
2094 1965 2281 2000 rerum

652 2035 1039 2088 Meacensium
1119 2034 1656 2104 academiarumque
1734 2042 1904 2098 statu,
1986 2034 2138 2104 quod
2210 2034 2281 2087 ad

648 2123 1019 2179 christianam
1068 2141 1186 2176 rem
1234 2122 1458 2185 attinet,
1509 2122 1794 2189 copiosius
1842 2122 1913 2175 ad
1957 2140 2059 2175 vos
2106 2122 2283 2174 multa

649 2211 979 2264 scribemus.
1063 2212 1192 2263 Hoc
1237 2210 1359 2276 ipso
1407 2228 1558 2260 anno
1623 2210 1812 2261 bonzii
1861 2210 1973 2261 duo
2021 2209 2079 2261 in
2130 2211 2282 2261 Mea-

646 2298 799 2350 censi
865 2316 929 2349 ac
999 2296 1329 2348 Banduensi
1395 2296 1692 2364 gymnasio
1758 2297 1981 2359 eruditi,
2038 2304 2093 2348 et
2148 2313 2276 2348 cum

647 2384 734 2436 his
787 2384 879 2434 alii
930 2386 1183 2453 Japones
1230 2382 1568 2450 complure5‚
1618 2383 1689 2434 ad
1738 2383 2024 2450 religionis
2072 2390 2284 2434 nostrae

649 2470 918 2539 mysteria
971 2468 1371 2535 cognoscenda
1423 2467 1657 2519 veniunt
1714 2468 1771 2519 in
1830 2468 2077 2520 Indiam.

724 2556 831 2608 Die
896 2555 990 2623 qui
1058 2556 1115 2606 S.
1174 2552 1440 2606 Michaeli
1494 2552 1671 2605 festus
1723 2552 1845 2615 fuit,
1903 2573 2032 2606 cum
2093 2553 2302 2620 regulo·

650 2641 1084 2709 Cangoximano
1162 2638 1450 2706 congressi
1528 2658 1741 2701 sumUS,
1822 2641 1917 2708 qui
1991 2658 2094 2691 nos
2164 2657 2286 2708 per-

646 2730 956 2781 honorifice
1043 2736 1312 2795 acceptos
1395 2728 1852 2790 commonefecit,
1939 2735 1999 2779 ut
2089 2744 2286 2779 monu-

648 2824 841 2868 menta
894 2815 1220 2868 christianae
1279 2814 1412 2883 legis
1458 2831 1630 2883 quam
1679 2813 2114 2883 diligentissime
2161 2830 2284 2867 cus-

646 2905 988 2966 todiremus3
1070 2920 1241 2971 quam
1321 2902 1366 2954 si
1444 2919 1639 2955 veram
1724 2902 2078 2970 probamque
2165 2918 2288 2954 esse

647 2992 1046 3060 perspexisset,
1102 2990 1393 3042 enimvero
1448 2989 1698 3042 futurum
1757 2997 1816 3041 ut
1871 2988 2131 3041 diabolus
2178 2987 2288 3040 dis-

648 3090 1021 3148 rumperetur.
1104 3078 1305 3130 Paucis
1396 3086 1587 3130 autem
1676 3077 1990 3147 interjectis
2071 3075 2287 3137 diebus,
