<?xml version="1.0" encoding="UTF-8"?>
<!DOCTYPE html PUBLIC "-//W3C//DTD XHTML 1.0 Transitional//EN"
    "http://www.w3.org/TR/xhtml1/DTD/xhtml1-transitional.dtd">
<html xmlns="http://www.w3.org/1999/xhtml" xml:lang="en" lang="en">
 <head>
  <title>
</title>
<meta http-equiv="Content-Type" content="text/html;charset=utf-8" />
  <meta name='ocr-system' content='tesseract 3.04.00' />
  <meta name='ocr-capabilities' content='ocr_page ocr_carea ocr_par ocr_line ocrx_word'/>
</head>
<body>
  <div class='ocr_page' id='page_1' title='image "./pts_epistolae_3720-0638_v2/pts_epistolae_3720-0638_v2_0235.png"; bbox 0 0 2649 3754; ppageno 0'>
   <div class='ocr_carea' id='block_1_1' title="bbox 29 108 99 1580">
    <p class='ocr_par' dir='ltr' id='par_1_1' title="bbox 29 108 99 1580">
     <span class='ocr_line' id='line_1_1' title="bbox 29 108 99 1580; baseline 0 0"><span class='ocrx_word' id='word_1_1' title='bbox 29 108 99 1580; x_wconf 95' lang='lat' dir='ltr'> </span> 
     </span>
    </p>
   </div>
   <div class='ocr_carea' id='block_1_2' title="bbox 691 331 1947 387">
    <p class='ocr_par' dir='ltr' id='par_1_2' title="bbox 691 331 1947 387">
     <span class='ocr_line' id='line_1_2' title="bbox 691 331 1947 387; baseline -0.002 -15"><span class='ocrx_word' id='word_1_2' title='bbox 691 331 797 387; x_wconf 80' lang='lat'>224</span> <span class='ocrx_word' id='word_1_3' title='bbox 1065 331 1250 371; x_wconf 90' lang='lat' dir='ltr'><strong>LIBER</strong></span> <span class='ocrx_word' id='word_1_4' title='bbox 1289 331 1417 371; x_wconf 85' lang='lat' dir='ltr'><strong>VIII.</strong></span> <span class='ocrx_word' id='word_1_5' title='bbox 1442 347 1512 353; x_wconf 88' lang='lat'>—·</span> <span class='ocrx_word' id='word_1_6' title='bbox 1535 332 1829 370; x_wconf 91' lang='lat' dir='ltr'><strong>EPISTOLA</strong></span> <span class='ocrx_word' id='word_1_7' title='bbox 1867 331 1947 370; x_wconf 87' lang='lat' dir='ltr'>VI.</span> 
     </span>
    </p>
   </div>
   <div class='ocr_carea' id='block_1_3' title="bbox 676 467 2328 3143">
    <p class='ocr_par' dir='ltr' id='par_1_3' title="bbox 678 467 2328 1149">
     <span class='ocr_line' id='line_1_3' title="bbox 684 467 2328 537; baseline 0.001 -19"><span class='ocrx_word' id='word_1_8' title='bbox 684 467 957 520; x_wconf 89' lang='lat' dir='ltr'>fasciculo</span> <span class='ocrx_word' id='word_1_9' title='bbox 1003 470 1304 537; x_wconf 88' lang='lat' dir='ltr'>epistolam</span> <span class='ocrx_word' id='word_1_10' title='bbox 1350 471 1580 521; x_wconf 88' lang='lat' dir='ltr'>brevem</span> <span class='ocrx_word' id='word_1_11' title='bbox 1625 470 1875 537; x_wconf 88' lang='lat' dir='ltr'>quidem,</span> <span class='ocrx_word' id='word_1_12' title='bbox 1921 470 2020 520; x_wconf 90' lang='lat' dir='ltr'>sed</span> <span class='ocrx_word' id='word_1_13' title='bbox 2063 469 2328 527; x_wconf 86' lang='lat' dir='ltr'>omnibus</span> 
     </span>
     <span class='ocr_line' id='line_1_4' title="bbox 682 554 2326 628; baseline 0.002 -22"><span class='ocrx_word' id='word_1_14' title='bbox 682 554 894 607; x_wconf 87' lang='lat' dir='ltr'>infimae</span> <span class='ocrx_word' id='word_1_15' title='bbox 938 565 1050 608; x_wconf 87' lang='lat' dir='ltr'>tuae</span> <span class='ocrx_word' id='word_1_16' title='bbox 1094 557 1498 609; x_wconf 61' lang='lat' dir='ltr'>venerationis&gt;</span> <span class='ocrx_word' id='word_1_17' title='bbox 1525 565 1579 609; x_wconf 91' lang='lat' dir='ltr'>et</span> <span class='ocrx_word' id='word_1_18' title='bbox 1625 556 2012 609; x_wconf 78' lang='lat' dir='ltr'>devotissimae</span> <span class='ocrx_word' id='word_1_19' title='bbox 2060 555 2326 628; x_wconf 89' lang='lat' dir='ltr'>obedien-</span> 
     </span>
     <span class='ocr_line' id='line_1_5' title="bbox 681 642 2326 713; baseline 0 -18"><span class='ocrx_word' id='word_1_20' title='bbox 681 642 775 695; x_wconf 88' lang='lat' dir='ltr'>tiae</span> <span class='ocrx_word' id='word_1_21' title='bbox 823 644 1343 696; x_wconf 77' lang='lat' dir='ltr'>contestationibus</span> <span class='ocrx_word' id='word_1_22' title='bbox 1397 644 1699 713; x_wconf 79' lang='lat' dir='ltr'>insignem,</span> <span class='ocrx_word' id='word_1_23' title='bbox 1755 643 2091 713; x_wconf 84' lang='lat' dir='ltr'>inscriptam</span> <span class='ocrx_word' id='word_1_24' title='bbox 2146 643 2326 696; x_wconf 89' lang='lat' dir='ltr'>domi-</span> 
     </span>
     <span class='ocr_line' id='line_1_6' title="bbox 683 730 2327 799; baseline 0.001 -17"><span class='ocrx_word' id='word_1_25' title='bbox 683 747 756 782; x_wconf 93' lang='lat' dir='ltr'>no</span> <span class='ocrx_word' id='word_1_26' title='bbox 810 730 1098 798; x_wconf 84' lang='lat' dir='ltr'>episcopO,</span> <span class='ocrx_word' id='word_1_27' title='bbox 1160 731 1216 784; x_wconf 90' lang='lat' dir='ltr'>in</span> <span class='ocrx_word' id='word_1_28' title='bbox 1271 749 1383 799; x_wconf 90' lang='lat' dir='ltr'>qua</span> <span class='ocrx_word' id='word_1_29' title='bbox 1436 732 1611 785; x_wconf 87' lang='lat' dir='ltr'>etiam</span> <span class='ocrx_word' id='word_1_30' title='bbox 1666 732 1716 784; x_wconf 92' lang='lat' dir='ltr'>ei</span> <span class='ocrx_word' id='word_1_31' title='bbox 1770 731 2053 784; x_wconf 89' lang='lat' dir='ltr'>rationem</span> <span class='ocrx_word' id='word_1_32' title='bbox 2123 731 2327 784; x_wconf 82' lang='lat' dir='ltr'>reddes</span> 
     </span>
     <span class='ocr_line' id='line_1_7' title="bbox 679 815 2319 886; baseline 0.002 -18"><span class='ocrx_word' id='word_1_33' title='bbox 679 835 876 868; x_wconf 92' lang='lat' dir='ltr'>eorum</span> <span class='ocrx_word' id='word_1_34' title='bbox 930 837 1055 885; x_wconf 90' lang='lat' dir='ltr'>quae</span> <span class='ocrx_word' id='word_1_35' title='bbox 1108 816 1236 870; x_wconf 90' lang='lat' dir='ltr'>istic</span> <span class='ocrx_word' id='word_1_36' title='bbox 1288 837 1442 886; x_wconf 87' lang='lat' dir='ltr'>agas.</span> <span class='ocrx_word' id='word_1_37' title='bbox 1540 818 1669 871; x_wconf 89' lang='lat' dir='ltr'>Hoc</span> <span class='ocrx_word' id='word_1_38' title='bbox 1722 817 1875 876; x_wconf 86' lang='lat' dir='ltr'>enim</span> <span class='ocrx_word' id='word_1_39' title='bbox 1929 815 2006 870; x_wconf 90' lang='lat' dir='ltr'>illi</span> <span class='ocrx_word' id='word_1_40' title='bbox 2060 816 2319 881; x_wconf 90' lang='lat' dir='ltr'>debetur,</span> 
     </span>
     <span class='ocr_line' id='line_1_8' title="bbox 678 905 2321 974; baseline 0.002 -19"><span class='ocrx_word' id='word_1_41' title='bbox 678 913 802 956; x_wconf 90' lang='lat' dir='ltr'>tum</span> <span class='ocrx_word' id='word_1_42' title='bbox 878 906 1009 974; x_wconf 90' lang='lat' dir='ltr'>quia</span> <span class='ocrx_word' id='word_1_43' title='bbox 1074 906 1343 974; x_wconf 76' lang='lat' dir='ltr'>praelatus</span> <span class='ocrx_word' id='word_1_44' title='bbox 1419 915 1628 968; x_wconf 88' lang='lat' dir='ltr'>noster,</span> <span class='ocrx_word' id='word_1_45' title='bbox 1696 916 1818 958; x_wconf 91' lang='lat' dir='ltr'>tum</span> <span class='ocrx_word' id='word_1_46' title='bbox 1894 905 2027 974; x_wconf 86' lang='lat' dir='ltr'>quia</span> <span class='ocrx_word' id='word_1_47' title='bbox 2092 925 2321 967; x_wconf 90' lang='lat' dir='ltr'>summa</span> 
     </span>
     <span class='ocr_line' id='line_1_9' title="bbox 680 995 2322 1063; baseline -0.001 -16"><span class='ocrx_word' id='word_1_48' title='bbox 680 1002 833 1047; x_wconf 86' lang='lat' dir='ltr'>extat</span> <span class='ocrx_word' id='word_1_49' title='bbox 878 995 1054 1062; x_wconf 88' lang='lat' dir='ltr'>ipsius</span> <span class='ocrx_word' id='word_1_50' title='bbox 1100 995 1158 1045; x_wconf 90' lang='lat' dir='ltr'>in</span> <span class='ocrx_word' id='word_1_51' title='bbox 1206 1010 1309 1046; x_wconf 91' lang='lat' dir='ltr'>nos</span> <span class='ocrx_word' id='word_1_52' title='bbox 1356 995 1623 1057; x_wconf 77' lang='lat' dir='ltr'>charitaS‚</span> <span class='ocrx_word' id='word_1_53' title='bbox 1669 1004 1723 1047; x_wconf 91' lang='lat' dir='ltr'>et</span> <span class='ocrx_word' id='word_1_54' title='bbox 1772 996 1828 1045; x_wconf 90' lang='lat' dir='ltr'>in</span> <span class='ocrx_word' id='word_1_55' title='bbox 1878 996 2145 1046; x_wconf 87' lang='lat' dir='ltr'>omnibus</span> <span class='ocrx_word' id='word_1_56' title='bbox 2193 1013 2322 1063; x_wconf 86' lang='lat' dir='ltr'>quae</span> 
     </span>
     <span class='ocr_line' id='line_1_10' title="bbox 680 1079 2054 1149; baseline 0.001 -16"><span class='ocrx_word' id='word_1_57' title='bbox 680 1079 985 1148; x_wconf 89' lang='lat' dir='ltr'>potestatis</span> <span class='ocrx_word' id='word_1_58' title='bbox 1029 1081 1150 1148; x_wconf 89' lang='lat' dir='ltr'>ejus</span> <span class='ocrx_word' id='word_1_59' title='bbox 1194 1088 1325 1134; x_wconf 92' lang='lat' dir='ltr'>sunt</span> <span class='ocrx_word' id='word_1_60' title='bbox 1370 1081 1626 1149; x_wconf 90' lang='lat' dir='ltr'>impense</span> <span class='ocrx_word' id='word_1_61' title='bbox 1671 1082 1836 1134; x_wconf 89' lang='lat' dir='ltr'>nobis</span> <span class='ocrx_word' id='word_1_62' title='bbox 1883 1081 2054 1134; x_wconf 86' lang='lat' dir='ltr'>favet.</span> 
     </span>
    </p>

    <p class='ocr_par' dir='ltr' id='par_1_4' title="bbox 676 1165 2325 3143">
     <span class='ocr_line' id='line_1_11' title="bbox 756 1165 2321 1235; baseline 0.001 -17"><span class='ocrx_word' id='word_1_63' title='bbox 756 1166 926 1218; x_wconf 89' lang='lat' dir='ltr'>Hanc</span> <span class='ocrx_word' id='word_1_64' title='bbox 979 1165 1279 1233; x_wconf 90' lang='lat' dir='ltr'>epistolam</span> <span class='ocrx_word' id='word_1_65' title='bbox 1328 1174 1491 1219; x_wconf 89' lang='lat' dir='ltr'>tanta</span> <span class='ocrx_word' id='word_1_66' title='bbox 1537 1166 1798 1220; x_wconf 89' lang='lat' dir='ltr'>libertate</span> <span class='ocrx_word' id='word_1_67' title='bbox 1845 1167 2044 1235; x_wconf 82' lang='lat' dir='ltr'>scripsi</span> <span class='ocrx_word' id='word_1_68' title='bbox 2097 1167 2200 1220; x_wconf 91' lang='lat' dir='ltr'>tibi</span> <span class='ocrx_word' id='word_1_69' title='bbox 2262 1175 2321 1221; x_wconf 90' lang='lat' dir='ltr'>ut</span> 
     </span>
     <span class='ocr_line' id='line_1_12' title="bbox 680 1251 2321 1321; baseline 0.001 -18"><span class='ocrx_word' id='word_1_70' title='bbox 680 1251 901 1304; x_wconf 90' lang='lat' dir='ltr'>homini</span> <span class='ocrx_word' id='word_1_71' title='bbox 946 1252 1170 1304; x_wconf 84' lang='lat' dir='ltr'>virtutis</span> <span class='ocrx_word' id='word_1_72' title='bbox 1217 1260 1272 1305; x_wconf 90' lang='lat' dir='ltr'>et</span> <span class='ocrx_word' id='word_1_73' title='bbox 1318 1252 1685 1320; x_wconf 90' lang='lat' dir='ltr'>perfectionis</span> <span class='ocrx_word' id='word_1_74' title='bbox 1737 1271 1851 1305; x_wconf 93' lang='lat' dir='ltr'>non</span> <span class='ocrx_word' id='word_1_75' title='bbox 1903 1252 2167 1321; x_wconf 82' lang='lat' dir='ltr'>vulgariS‚</span> <span class='ocrx_word' id='word_1_76' title='bbox 2225 1253 2321 1321; x_wconf 90' lang='lat' dir='ltr'>qui</span> 
     </span>
     <span class='ocr_line' id='line_1_13' title="bbox 680 1339 2323 1408; baseline 0 -16"><span class='ocrx_word' id='word_1_77' title='bbox 680 1339 900 1392; x_wconf 89' lang='lat' dir='ltr'>moneri</span> <span class='ocrx_word' id='word_1_78' title='bbox 942 1340 1072 1392; x_wconf 88' lang='lat' dir='ltr'>boni</span> <span class='ocrx_word' id='word_1_79' title='bbox 1117 1340 1393 1402; x_wconf 87' lang='lat' dir='ltr'>consulat,</span> <span class='ocrx_word' id='word_1_80' title='bbox 1437 1348 1608 1408; x_wconf 89' lang='lat' dir='ltr'>atque</span> <span class='ocrx_word' id='word_1_81' title='bbox 1649 1341 1792 1393; x_wconf 89' lang='lat' dir='ltr'>adeo</span> <span class='ocrx_word' id='word_1_82' title='bbox 1833 1339 2170 1408; x_wconf 82' lang='lat' dir='ltr'>reprehendi</span> <span class='ocrx_word' id='word_1_83' title='bbox 2213 1340 2323 1392; x_wconf 90' lang='lat' dir='ltr'>uti-</span> 
     </span>
     <span class='ocr_line' id='line_1_14' title="bbox 679 1424 2318 1494; baseline 0.001 -16"><span class='ocrx_word' id='word_1_84' title='bbox 679 1424 808 1479; x_wconf 88' lang='lat' dir='ltr'>liter</span> <span class='ocrx_word' id='word_1_85' title='bbox 850 1425 1028 1488; x_wconf 86' lang='lat' dir='ltr'>malit,</span> <span class='ocrx_word' id='word_1_86' title='bbox 1074 1443 1244 1494; x_wconf 87' lang='lat' dir='ltr'>quam</span> <span class='ocrx_word' id='word_1_87' title='bbox 1289 1425 1555 1479; x_wconf 89' lang='lat' dir='ltr'>inanibus</span> <span class='ocrx_word' id='word_1_88' title='bbox 1598 1425 2038 1479; x_wconf 89' lang='lat' dir='ltr'>adulatiunculis</span> <span class='ocrx_word' id='word_1_89' title='bbox 2100 1425 2318 1491; x_wconf 91' lang='lat' dir='ltr'>lactari,</span> 
     </span>
     <span class='ocr_line' id='line_1_15' title="bbox 681 1511 2323 1580; baseline 0.001 -16"><span class='ocrx_word' id='word_1_90' title='bbox 681 1512 814 1580; x_wconf 91' lang='lat' dir='ltr'>quia</span> <span class='ocrx_word' id='word_1_91' title='bbox 867 1532 1006 1564; x_wconf 92' lang='lat' dir='ltr'>sano</span> <span class='ocrx_word' id='word_1_92' title='bbox 1053 1512 1272 1580; x_wconf 90' lang='lat' dir='ltr'>judicio</span> <span class='ocrx_word' id='word_1_93' title='bbox 1325 1521 1379 1565; x_wconf 92' lang='lat' dir='ltr'>et</span> <span class='ocrx_word' id='word_1_94' title='bbox 1434 1521 1601 1580; x_wconf 90' lang='lat' dir='ltr'>gustu</span> <span class='ocrx_word' id='word_1_95' title='bbox 1655 1511 1901 1564; x_wconf 88' lang='lat' dir='ltr'>salubria</span> <span class='ocrx_word' id='word_1_96' title='bbox 1961 1511 2233 1565; x_wconf 83' lang='lat' dir='ltr'>discernit</span> <span class='ocrx_word' id='word_1_97' title='bbox 2291 1532 2323 1565; x_wconf 91' lang='lat' dir='ltr'>a</span> 
     </span>
     <span class='ocr_line' id='line_1_16' title="bbox 683 1599 2321 1652; baseline -0.001 -1"><span class='ocrx_word' id='word_1_98' title='bbox 683 1600 848 1652; x_wconf 81' lang='lat' dir='ltr'>noxie</span> <span class='ocrx_word' id='word_1_99' title='bbox 892 1600 1170 1651; x_wconf 82' lang='lat' dir='ltr'>dulcibus.</span> <span class='ocrx_word' id='word_1_100' title='bbox 1251 1599 1572 1650; x_wconf 78' lang='lat' dir='ltr'>Blanditias</span> <span class='ocrx_word' id='word_1_101' title='bbox 1620 1599 1882 1650; x_wconf 88' lang='lat' dir='ltr'>videlicet</span> <span class='ocrx_word' id='word_1_102' title='bbox 1930 1608 1985 1650; x_wconf 93' lang='lat' dir='ltr'>et</span> <span class='ocrx_word' id='word_1_103' title='bbox 2032 1599 2205 1649; x_wconf 89' lang='lat' dir='ltr'>verba</span> <span class='ocrx_word' id='word_1_104' title='bbox 2248 1599 2321 1650; x_wconf 88' lang='lat' dir='ltr'>ad</span> 
     </span>
     <span class='ocr_line' id='line_1_17' title="bbox 684 1686 2324 1756; baseline -0.001 -17"><span class='ocrx_word' id='word_1_105' title='bbox 684 1690 929 1756; x_wconf 86' lang='lat' dir='ltr'>gratiam</span> <span class='ocrx_word' id='word_1_106' title='bbox 996 1688 1317 1755; x_wconf 89' lang='lat' dir='ltr'>composita</span> <span class='ocrx_word' id='word_1_107' title='bbox 1383 1687 1598 1738; x_wconf 90' lang='lat' dir='ltr'>fueram</span> <span class='ocrx_word' id='word_1_108' title='bbox 1654 1686 2031 1749; x_wconf 78' lang='lat' dir='ltr'>adhibiturus,</span> <span class='ocrx_word' id='word_1_109' title='bbox 2087 1686 2133 1738; x_wconf 90' lang='lat' dir='ltr'>si</span> <span class='ocrx_word' id='word_1_110' title='bbox 2195 1704 2324 1738; x_wconf 92' lang='lat' dir='ltr'>cum</span> 
     </span>
     <span class='ocr_line' id='line_1_18' title="bbox 686 1773 2323 1841; baseline -0.001 -14"><span class='ocrx_word' id='word_1_111' title='bbox 686 1775 919 1827; x_wconf 88' lang='lat' dir='ltr'>homine</span> <span class='ocrx_word' id='word_1_112' title='bbox 985 1774 1212 1826; x_wconf 89' lang='lat' dir='ltr'>infirmo</span> <span class='ocrx_word' id='word_1_113' title='bbox 1278 1793 1344 1826; x_wconf 88' lang='lat' dir='ltr'>ac</span> <span class='ocrx_word' id='word_1_114' title='bbox 1410 1773 1579 1825; x_wconf 88' lang='lat' dir='ltr'>debili</span> <span class='ocrx_word' id='word_1_115' title='bbox 1647 1793 1737 1827; x_wconf 89' lang='lat' dir='ltr'>me</span> <span class='ocrx_word' id='word_1_116' title='bbox 1802 1793 1967 1841; x_wconf 89' lang='lat' dir='ltr'>agere</span> <span class='ocrx_word' id='word_1_117' title='bbox 2033 1781 2323 1841; x_wconf 87' lang='lat' dir='ltr'>putarem;</span> 
     </span>
     <span class='ocr_line' id='line_1_19' title="bbox 686 1861 2325 1923; baseline -0.001 -10"><span class='ocrx_word' id='word_1_118' title='bbox 686 1881 839 1914; x_wconf 89' lang='lat' dir='ltr'>nunc</span> <span class='ocrx_word' id='word_1_119' title='bbox 892 1862 1101 1913; x_wconf 86' lang='lat' dir='ltr'>fiducia</span> <span class='ocrx_word' id='word_1_120' title='bbox 1154 1862 1372 1912; x_wconf 93' lang='lat' dir='ltr'>roboris</span> <span class='ocrx_word' id='word_1_121' title='bbox 1421 1869 1474 1912; x_wconf 89' lang='lat' dir='ltr'>et</span> <span class='ocrx_word' id='word_1_122' title='bbox 1523 1861 1828 1920; x_wconf 81' lang='lat' dir='ltr'>soliditatis</span> <span class='ocrx_word' id='word_1_123' title='bbox 1881 1869 2012 1923; x_wconf 87' lang='lat' dir='ltr'>tuae,</span> <span class='ocrx_word' id='word_1_124' title='bbox 2062 1879 2179 1912; x_wconf 94' lang='lat' dir='ltr'>non</span> <span class='ocrx_word' id='word_1_125' title='bbox 2226 1861 2325 1913; x_wconf 91' lang='lat' dir='ltr'>du-</span> 
     </span>
     <span class='ocr_line' id='line_1_20' title="bbox 684 1949 2325 2017; baseline -0.001 -17"><span class='ocrx_word' id='word_1_126' title='bbox 684 1949 860 2002; x_wconf 87' lang='lat' dir='ltr'>bitavi</span> <span class='ocrx_word' id='word_1_127' title='bbox 924 1949 1437 2001; x_wconf 87' lang='lat' dir='ltr'>dissimulationem</span> <span class='ocrx_word' id='word_1_128' title='bbox 1495 1966 1724 1999; x_wconf 89' lang='lat' dir='ltr'>omnem</span> <span class='ocrx_word' id='word_1_129' title='bbox 1794 1949 2056 2017; x_wconf 88' lang='lat' dir='ltr'>abjicere,</span> <span class='ocrx_word' id='word_1_130' title='bbox 2112 1949 2325 2017; x_wconf 91' lang='lat' dir='ltr'>pande-</span> 
     </span>
     <span class='ocr_line' id='line_1_21' title="bbox 684 2034 2322 2103; baseline -0.001 -16"><span class='ocrx_word' id='word_1_131' title='bbox 684 2052 855 2103; x_wconf 88' lang='lat' dir='ltr'>reque</span> <span class='ocrx_word' id='word_1_132' title='bbox 902 2034 1003 2087; x_wconf 87' lang='lat' dir='ltr'>tibi</span> <span class='ocrx_word' id='word_1_133' title='bbox 1052 2034 1172 2086; x_wconf 90' lang='lat' dir='ltr'>sine</span> <span class='ocrx_word' id='word_1_134' title='bbox 1219 2034 1556 2102; x_wconf 85' lang='lat' dir='ltr'>ambagibus</span> <span class='ocrx_word' id='word_1_135' title='bbox 1609 2051 1808 2086; x_wconf 89' lang='lat' dir='ltr'>sensus</span> <span class='ocrx_word' id='word_1_136' title='bbox 1862 2034 2097 2086; x_wconf 84' lang='lat' dir='ltr'>intimos</span> <span class='ocrx_word' id='word_1_137' title='bbox 2145 2051 2322 2086; x_wconf 92' lang='lat' dir='ltr'>meos.</span> 
     </span>
     <span class='ocr_line' id='line_1_22' title="bbox 686 2120 2324 2191; baseline 0 -18"><span class='ocrx_word' id='word_1_138' title='bbox 686 2124 814 2191; x_wconf 72' lang='lat' dir='ltr'>Quo</span> <span class='ocrx_word' id='word_1_139' title='bbox 860 2122 1092 2173; x_wconf 90' lang='lat' dir='ltr'>nomine</span> <span class='ocrx_word' id='word_1_140' title='bbox 1141 2123 1266 2173; x_wconf 92' lang='lat' dir='ltr'>Deo</span> <span class='ocrx_word' id='word_1_141' title='bbox 1312 2129 1501 2189; x_wconf 85' lang='lat' dir='ltr'>grates</span> <span class='ocrx_word' id='word_1_142' title='bbox 1548 2120 1756 2173; x_wconf 89' lang='lat' dir='ltr'>referas</span> <span class='ocrx_word' id='word_1_143' title='bbox 1800 2140 2025 2184; x_wconf 83' lang='lat' dir='ltr'>censeO,</span> <span class='ocrx_word' id='word_1_144' title='bbox 2071 2122 2223 2189; x_wconf 89' lang='lat' dir='ltr'>quod</span> <span class='ocrx_word' id='word_1_145' title='bbox 2268 2129 2324 2173; x_wconf 90' lang='lat' dir='ltr'>te</span> 
     </span>
     <span class='ocr_line' id='line_1_23' title="bbox 684 2209 2323 2270; baseline -0.001 -9"><span class='ocrx_word' id='word_1_146' title='bbox 684 2211 857 2261; x_wconf 89' lang='lat' dir='ltr'>talem</span> <span class='ocrx_word' id='word_1_147' title='bbox 903 2210 1054 2270; x_wconf 88' lang='lat' dir='ltr'>fecit,</span> <span class='ocrx_word' id='word_1_148' title='bbox 1104 2210 1193 2260; x_wconf 91' lang='lat' dir='ltr'>cui</span> <span class='ocrx_word' id='word_1_149' title='bbox 1238 2210 1471 2260; x_wconf 90' lang='lat' dir='ltr'>crudam</span> <span class='ocrx_word' id='word_1_150' title='bbox 1518 2217 1573 2260; x_wconf 93' lang='lat' dir='ltr'>et</span> <span class='ocrx_word' id='word_1_151' title='bbox 1622 2209 1743 2259; x_wconf 92' lang='lat' dir='ltr'>sine</span> <span class='ocrx_word' id='word_1_152' title='bbox 1790 2209 2161 2269; x_wconf 89' lang='lat' dir='ltr'>condimento</span> <span class='ocrx_word' id='word_1_153' title='bbox 2208 2226 2323 2260; x_wconf 91' lang='lat' dir='ltr'>non</span> 
     </span>
     <span class='ocr_line' id='line_1_24' title="bbox 685 2294 2323 2363; baseline 0 -17"><span class='ocrx_word' id='word_1_154' title='bbox 685 2296 1076 2363; x_wconf 87' lang='lat' dir='ltr'>imprudenter</span> <span class='ocrx_word' id='word_1_155' title='bbox 1109 2294 1392 2361; x_wconf 91' lang='lat' dir='ltr'>potuerim</span> <span class='ocrx_word' id='word_1_156' title='bbox 1424 2313 1711 2362; x_wconf 89' lang='lat' dir='ltr'>apponere</span> <span class='ocrx_word' id='word_1_157' title='bbox 1738 2294 2067 2346; x_wconf 88' lang='lat' dir='ltr'>veritatem:</span> <span class='ocrx_word' id='word_1_158' title='bbox 2117 2313 2323 2361; x_wconf 89' lang='lat' dir='ltr'>nempe</span> 
     </span>
     <span class='ocr_line' id='line_1_25' title="bbox 683 2379 2320 2450; baseline -0.002 -14"><span class='ocrx_word' id='word_1_159' title='bbox 683 2382 792 2436; x_wconf 90' lang='lat' dir='ltr'>ista</span> <span class='ocrx_word' id='word_1_160' title='bbox 820 2381 922 2436; x_wconf 91' lang='lat' dir='ltr'>tibi</span> <span class='ocrx_word' id='word_1_161' title='bbox 962 2381 1261 2450; x_wconf 87' lang='lat' dir='ltr'>sapientia,</span> <span class='ocrx_word' id='word_1_162' title='bbox 1293 2380 1453 2450; x_wconf 87' lang='lat' dir='ltr'>cujus</span> <span class='ocrx_word' id='word_1_163' title='bbox 1482 2381 1551 2434; x_wconf 91' lang='lat' dir='ltr'>ad</span> <span class='ocrx_word' id='word_1_164' title='bbox 1583 2381 1823 2450; x_wconf 87' lang='lat' dir='ltr'>gradum</span> <span class='ocrx_word' id='word_1_165' title='bbox 1860 2388 1975 2434; x_wconf 87' lang='lat' dir='ltr'>tam</span> <span class='ocrx_word' id='word_1_166' title='bbox 2019 2379 2320 2434; x_wconf 90' lang='lat' dir='ltr'>sublimem</span> 
     </span>
     <span class='ocr_line' id='line_1_26' title="bbox 684 2468 2321 2537; baseline 0 -17"><span class='ocrx_word' id='word_1_167' title='bbox 684 2469 1079 2537; x_wconf 89' lang='lat' dir='ltr'>progressibus</span> <span class='ocrx_word' id='word_1_168' title='bbox 1121 2469 1305 2536; x_wconf 91' lang='lat' dir='ltr'>longis</span> <span class='ocrx_word' id='word_1_169' title='bbox 1355 2468 1663 2535; x_wconf 88' lang='lat' dir='ltr'>profecisti,</span> <span class='ocrx_word' id='word_1_170' title='bbox 1706 2468 1868 2519; x_wconf 86' lang='lat' dir='ltr'>facile</span> <span class='ocrx_word' id='word_1_171' title='bbox 1908 2468 2147 2535; x_wconf 87' lang='lat' dir='ltr'>inspirat</span> <span class='ocrx_word' id='word_1_172' title='bbox 2189 2487 2321 2520; x_wconf 94' lang='lat' dir='ltr'>con-</span> 
     </span>
     <span class='ocr_line' id='line_1_27' title="bbox 684 2554 2322 2624; baseline -0.002 -16"><span class='ocrx_word' id='word_1_173' title='bbox 684 2564 969 2624; x_wconf 89' lang='lat' dir='ltr'>temptum</span> <span class='ocrx_word' id='word_1_174' title='bbox 1023 2555 1481 2607; x_wconf 88' lang='lat' dir='ltr'>malesuadarum</span> <span class='ocrx_word' id='word_1_175' title='bbox 1523 2554 2000 2617; x_wconf 89' lang='lat' dir='ltr'>assentationum,</span> <span class='ocrx_word' id='word_1_176' title='bbox 2042 2573 2159 2622; x_wconf 90' lang='lat' dir='ltr'>prae</span> <span class='ocrx_word' id='word_1_177' title='bbox 2203 2554 2322 2623; x_wconf 88' lang='lat' dir='ltr'>qui-</span> 
     </span>
     <span class='ocr_line' id='line_1_28' title="bbox 684 2641 2322 2709; baseline -0.001 -15"><span class='ocrx_word' id='word_1_178' title='bbox 684 2644 789 2694; x_wconf 93' lang='lat' dir='ltr'>bus</span> <span class='ocrx_word' id='word_1_179' title='bbox 835 2643 1122 2709; x_wconf 86' lang='lat' dir='ltr'>objurgari</span> <span class='ocrx_word' id='word_1_180' title='bbox 1176 2642 1367 2709; x_wconf 89' lang='lat' dir='ltr'>potius</span> <span class='ocrx_word' id='word_1_181' title='bbox 1421 2641 1662 2709; x_wconf 82' lang='lat' dir='ltr'>appetiS,</span> <span class='ocrx_word' id='word_1_182' title='bbox 1709 2658 1880 2708; x_wconf 91' lang='lat' dir='ltr'>quam</span> <span class='ocrx_word' id='word_1_183' title='bbox 1922 2659 1955 2691; x_wconf 89' lang='lat' dir='ltr'>a</span> <span class='ocrx_word' id='word_1_184' title='bbox 1996 2642 2322 2698; x_wconf 90' lang='lat' dir='ltr'>verentibus</span> 
     </span>
     <span class='ocr_line' id='line_1_29' title="bbox 683 2727 2322 2789; baseline -0.001 -10"><span class='ocrx_word' id='word_1_185' title='bbox 683 2739 861 2789; x_wconf 86' lang='lat' dir='ltr'>tuam,</span> <span class='ocrx_word' id='word_1_186' title='bbox 905 2737 965 2780; x_wconf 88' lang='lat' dir='ltr'>ut</span> <span class='ocrx_word' id='word_1_187' title='bbox 1008 2729 1275 2779; x_wconf 89' lang='lat' dir='ltr'>imbecilli</span> <span class='ocrx_word' id='word_1_188' title='bbox 1316 2746 1382 2779; x_wconf 92' lang='lat' dir='ltr'>ac</span> <span class='ocrx_word' id='word_1_189' title='bbox 1423 2728 1622 2788; x_wconf 86' lang='lat' dir='ltr'>teneri,</span> <span class='ocrx_word' id='word_1_190' title='bbox 1666 2727 2036 2779; x_wconf 80' lang='lat' dir='ltr'>offensionem</span> <span class='ocrx_word' id='word_1_191' title='bbox 2080 2727 2322 2786; x_wconf 78' lang='lat' dir='ltr'>obnoxie</span> 
     </span>
     <span class='ocr_line' id='line_1_30' title="bbox 683 2812 2317 2867; baseline -0.001 -1"><span class='ocrx_word' id='word_1_192' title='bbox 683 2834 788 2867; x_wconf 91' lang='lat' dir='ltr'>nec</span> <span class='ocrx_word' id='word_1_193' title='bbox 849 2814 1067 2866; x_wconf 88' lang='lat' dir='ltr'>sincere</span> <span class='ocrx_word' id='word_1_194' title='bbox 1115 2813 1441 2866; x_wconf 87' lang='lat' dir='ltr'>collaudari.</span> <span class='ocrx_word' id='word_1_195' title='bbox 1525 2813 1721 2866; x_wconf 90' lang='lat' dir='ltr'>Pueris</span> <span class='ocrx_word' id='word_1_196' title='bbox 1774 2812 1897 2866; x_wconf 88' lang='lat' dir='ltr'>haec</span> <span class='ocrx_word' id='word_1_197' title='bbox 1941 2820 2038 2866; x_wconf 88' lang='lat' dir='ltr'>aut</span> <span class='ocrx_word' id='word_1_198' title='bbox 2086 2812 2317 2866; x_wconf 89' lang='lat' dir='ltr'>novitiis</span> 
     </span>
     <span class='ocr_line' id='line_1_31' title="bbox 683 2899 2320 2962; baseline -0.001 -9"><span class='ocrx_word' id='word_1_199' title='bbox 683 2900 1057 2962; x_wconf 82' lang='lat' dir='ltr'>conveniant3</span> <span class='ocrx_word' id='word_1_200' title='bbox 1116 2899 1360 2953; x_wconf 86' lang='lat' dir='ltr'>fortibus</span> <span class='ocrx_word' id='word_1_201' title='bbox 1428 2900 1485 2952; x_wconf 88' lang='lat' dir='ltr'>in</span> <span class='ocrx_word' id='word_1_202' title='bbox 1542 2899 1649 2952; x_wconf 92' lang='lat' dir='ltr'>Dei</span> <span class='ocrx_word' id='word_1_203' title='bbox 1709 2899 1911 2953; x_wconf 90' lang='lat' dir='ltr'>militia</span> <span class='ocrx_word' id='word_1_204' title='bbox 1979 2899 2174 2953; x_wconf 91' lang='lat' dir='ltr'>fecerit</span> <span class='ocrx_word' id='word_1_205' title='bbox 2239 2899 2320 2961; x_wconf 90' lang='lat' dir='ltr'>in-</span> 
     </span>
     <span class='ocr_line' id='line_1_32' title="bbox 676 2986 2321 3055; baseline 0 -16"><span class='ocrx_word' id='word_1_206' title='bbox 676 2988 904 3055; x_wconf 84' lang='lat' dir='ltr'>juriam,</span> <span class='ocrx_word' id='word_1_207' title='bbox 967 2988 1062 3055; x_wconf 86' lang='lat' dir='ltr'>qui</span> <span class='ocrx_word' id='word_1_208' title='bbox 1115 2987 1477 3054; x_wconf 85' lang='lat' dir='ltr'>parvulorum</span> <span class='ocrx_word' id='word_1_209' title='bbox 1519 3006 1616 3038; x_wconf 94' lang='lat' dir='ltr'>eos</span> <span class='ocrx_word' id='word_1_210' title='bbox 1656 2987 1978 3054; x_wconf 91' lang='lat' dir='ltr'>pascendos</span> <span class='ocrx_word' id='word_1_211' title='bbox 2043 2986 2208 3050; x_wconf 88' lang='lat' dir='ltr'>lacte,</span> <span class='ocrx_word' id='word_1_212' title='bbox 2255 3006 2321 3039; x_wconf 92' lang='lat' dir='ltr'>ac</span> 
     </span>
     <span class='ocr_line' id='line_1_33' title="bbox 685 3073 2318 3143; baseline -0.001 -16"><span class='ocrx_word' id='word_1_213' title='bbox 685 3074 838 3127; x_wconf 90' lang='lat' dir='ltr'>molli</span> <span class='ocrx_word' id='word_1_214' title='bbox 874 3074 1238 3127; x_wconf 85' lang='lat' dir='ltr'>nutritiorum</span> <span class='ocrx_word' id='word_1_215' title='bbox 1280 3074 1633 3143; x_wconf 87' lang='lat' dir='ltr'>indulgentia</span> <span class='ocrx_word' id='word_1_216' title='bbox 1662 3073 2050 3125; x_wconf 80' lang='lat' dir='ltr'>confovendos</span> <span class='ocrx_word' id='word_1_217' title='bbox 2079 3074 2318 3126; x_wconf 84' lang='lat' dir='ltr'>duxerit.</span> 
     </span>
    </p>
   </div>
   <div class='ocr_carea' id='block_1_4' title="bbox 2556 0 2644 3744">
    <p class='ocr_par' dir='ltr' id='par_1_5' title="bbox 2556 0 2644 3744">
     <span class='ocr_line' id='line_1_34' title="bbox 2556 0 2644 3744; baseline 0 0"><span class='ocrx_word' id='word_1_218' title='bbox 2556 0 2644 3744; x_wconf 95' lang='lat' dir='ltr'> </span> 
     </span>
    </p>
   </div>
  </div>
 </body>
</html>
