2639 3798
733 398 918 434 LIBER
937 419 941 421 -
957 398 1059 434 VII.
1083 413 1155 418 -
1177 396 1470 434 EPISTOLA
1510 396 1549 433 Ι.
1890 396 1958 449 99

324 526 667 585 detrimenta
731 526 818 578 vel
884 544 1203 594 corporum.
1285 526 1435 578 Nam
1510 524 1961 595 intemperantes

328 632 453 668 cum
512 611 691 666 multa
744 620 797 665 et
852 612 1043 681 gravia
1096 630 1127 665 a
1182 612 1419 665 medicis
1471 611 1782 681 patiuntur,
1834 618 1959 670 tum

326 719 457 755 vero
503 701 681 754 vitam
730 719 891 751 suam
936 701 1190 768 affligunt
1235 708 1331 752 aut
1375 699 1548 752 etiam
1592 698 1959 767 extinguunt3

324 788 602 855 longeque
666 786 792 854 plus
859 787 1064 839 deinde
1131 787 1518 839 molestiarum
1580 804 1647 837 ex
1711 783 1958 838 medica-

325 873 532 926 mentis
578 873 830 942 capiunt,
881 892 1051 941 quam
1101 882 1269 925 antea
1317 872 1625 941 voluptatis
1668 890 1735 925 ex
1777 872 1958 945 epulis

325 968 610 1028 ceperant.
717 962 805 1014 Ex
858 960 945 1014 his
998 978 1167 1029 porro
1232 959 1508 1014 molestiis
1560 958 1618 1012 in
1672 958 1957 1012 cruciatus

325 1046 663 1100 delabuntur
716 1046 868 1099 haud
921 1046 1091 1115 paulo
1144 1047 1489 1108 acerbiores;
1556 1047 1733 1098 vitam
1802 1046 1955 1096 enim

325 1152 482 1187 Suam
550 1152 701 1203 saepe
769 1134 1005 1186 medicis
1071 1134 1299 1186 credere
1366 1141 1664 1201 coguntur,
1719 1132 1960 1201 quivix

325 1224 552 1274 demum
599 1231 729 1290 post
777 1222 986 1274 multos
1030 1241 1247 1273 errores
1291 1229 1345 1273 et
1390 1221 1590 1274 inanes
1634 1219 1960 1274 curationes
2033 1283 2036 1286 ,

326 1308 535 1360 morbis
565 1307 782 1360 faciunt
813 1308 1176 1360 medicinam.

396 1396 597 1462 Itaque
667 1412 938 1462 magnum
1006 1394 1112 1445 Dei
1178 1394 1517 1445 beneficium
1583 1394 1732 1445 duco
1796 1393 1950 1461 quod

325 1499 426 1531 nos
481 1480 537 1532 in
590 1482 712 1533 loca
766 1481 837 1533 ab
891 1480 978 1533 his
1032 1480 1248 1533 deliciis
1300 1498 1479 1533 vacua
1533 1479 1784 1543 abduxit,
1841 1479 1955 1549 ubi,

327 1575 384 1618 ut
430 1568 676 1618 maxime
728 1567 983 1627 velimus,
1031 1566 1261 1642 ‘corpori
1314 1565 1604 1633 indulgere
1662 1584 1776 1620 non
1828 1555 1957 1635 pos-

326 1670 535 1706 sumuS.
616 1654 849 1707 Etenim
888 1654 980 1706 hic
1008 1653 1190 1705 altiles
1233 1671 1366 1704 aves
1409 1671 1513 1704 nec
1557 1659 1808 1706 mactare
1852 1669 1957 1704 nec

327 1758 579 1793 comesse
623 1741 826 1804 solent,
878 1741 1044 1809 vulgo
1089 1741 1334 1794 oleribus
1362 1748 1417 1794 et
1447 1758 1616 1811 oryza
1660 1740 1956 1801 victitant3

325 1827 592 1891 triticum,
647 1828 850 1896 pisceS‚
905 1847 1095 1896 poma,
1159 1828 1461 1897 caeterique
1526 1828 1791 1885 arborum
1846 1826 1955 1881 fru-

324 1920 446 1966 ctus
489 1914 546 1966 in
592 1915 807 1967 deliciis
851 1923 1238 1966 numerantur.
1320 1917 1475 1983 Ergo
1518 1914 1770 1985 plerique
1812 1922 1955 1968 tem-

325 2002 594 2066 perantiae
660 2002 936 2053 beneficio
1006 2020 1278 2069 prospera
1343 2003 1654 2055 admodum
1722 2009 1959 2057 utuntur

323 2088 662 2152 valetudine,
719 2107 882 2142 senes
935 2089 1148 2158 passim
1203 2095 1513 2142 cernuntur
1570 2088 1825 2158 plurimi:
1895 2096 1956 2142 ut

323 2175 406 2227 vel
458 2175 588 2228 hinc
636 2176 796 2228 facile
850 2185 1120 2245 appareat
1175 2185 1436 2230 naturam
1493 2184 1767 2242 nostram,
1824 2195 1951 2247 quae

325 2264 666 2331 caeteroquin
704 2265 1088 2318 insaturabilis
1124 2265 1400 2328 videatur,
1439 2264 1636 2334 paucis
1668 2283 1792 2317 esse
1821 2283 1953 2318 con-

324 2356 558 2402 tentam.
641 2352 761 2403 Nos
816 2350 906 2404 hic
959 2369 1195 2419 corpore
1249 2352 1463 2420 optime
1516 2352 1789 2415 valemuS,
1846 2353 1950 2405 uti-

325 2451 452 2489 nam
501 2455 659 2507 aeque
706 2439 900 2490 animo
947 2439 1256 2489 valeamus,

395 2522 500 2576 Est
564 2524 837 2593 quiddam
904 2533 1178 2594 praeterea
1238 2528 1390 2595 quod
1445 2526 1739 2579 vobiscum
1798 2545 1952 2579 com-

324 2610 608 2663 municare
679 2631 841 2681 paene
914 2612 1193 2681 cogimur:
1271 2612 1495 2666 videtur
1565 2609 1717 2667 enim
1792 2614 1950 2668 Deus

323 2690 587 2764 magnum
656 2701 821 2752 nobis
874 2708 1162 2752 ostentare
1228 2700 1586 2765 beneficium,
1659 2701 1729 2754 ad
1794 2702 1948 2772 quod

324 2778 740 2850 impetrandum
804 2788 1007 2840 vestris
1069 2805 1173 2839 nos
1226 2787 1488 2855 precibus
1541 2806 1608 2841 ac
1661 2788 1953 2842 sacrificiis

317 2868 521 2934 juvetis
582 2875 768 2927 velim.
871 2875 1100 2946 Japonii
1151 2876 1363 2944 'magna
1417 2895 1484 2927 ex
1535 2882 1698 2944 parte
1760 2875 1950 2930 bonzii

323 2965 468 3021 sunt,
512 2960 606 3029 qui
656 2962 817 3013 valde
865 2962 1241 3015 observantur
1268 2981 1300 3015 a
1328 2962 1556 3030 populo,
1603 2962 1710 3017 etsi
1752 2980 1949 3026 eorum

322 3039 528 3109 flagitia
594 3050 827 3103 minime
894 3054 1152 3103 obscura.
1248 3052 1437 3102 Causa
1502 3070 1601 3102 cur
1664 3049 1722 3101 in
1785 3058 1951 3113 tanto

323 3122 529 3182 honore
589 3133 907 3188 habeantur
975 3136 1273 3204 singularis
1360 3139 1623 3205 quaedam
1693 3138 1948 3192 ciborum
