2639 3798
626 368 810 408 LIBER
847 368 974 407 VIII.
997 382 1069 391 —
1089 369 1379 408 EPISTOLA
1417 368 1556 407 xxn.
1803 368 1909 422 31⁵

280 511 475 576 queat;
524 522 656 559 nam
700 505 803 559 has
846 523 975 574 spes
1018 514 1253 561 eventus
1296 525 1410 561 non
1454 524 1582 562 raro
1626 506 1902 577 coarguit,

278 590 671 646 occasionibus
712 590 925 644 larvam
969 591 1401 656 excutientibuS,
1442 601 1497 647 et
1540 592 1656 646 fere
1698 593 1769 646 ad
1813 609 1905 646 ex-

275 688 518 733 tremum
566 696 908 746 unoquoque
951 697 1011 730 se
1053 677 1227 731 talem
1276 679 1553 746 prodente
1598 679 1781 747 qualis
1819 696 1906 732 rre-

274 782 404 820 vera
464 772 568 818 est.
648 766 835 834 Quare
896 765 1154 834 lynceum
1216 773 1274 818 te
1325 765 1492 818 velim
1556 766 1612 817 in
1673 764 1903 834 penitus

245 849 731 918 rintrospiciendis
795 850 1108 903 recessibus
1173 851 1469 914 mentium,
1531 869 1636 903 nec
1704 852 1899 904 statim

275 934 398 1003 capi
460 922 783 1004 lacrymulis
839 935 985 989 inter
1042 952 1238 1004 preces
1294 934 1449 1000 fusiS,
1491 944 1587 989 aut
1643 936 1899 1006 suspiriis

274 1021 521 1076 excussis
572 1028 803 1090 pectore
855 1021 1252 1090 quorumdam,
1307 1021 1441 1075 dum
1501 1040 1663 1076 sacra
1725 1021 1899 1076 medi-

272 1118 481 1165 tantur.
547 1112 620 1162 At
663 1111 851 1178 quoad
894 1110 1063 1162 certis
1105 1109 1505 1178 experimentis
1547 1109 1901 1179 perspexeris

271 1196 474 1252 acriter
523 1196 802 1265 imperare
854 1196 1006 1265 ipsos
1058 1196 1246 1266 pravis
1298 1197 1595 1252 affectibus
1658 1205 1898 1261 naturae,

271 1285 428 1346 iram,
476 1282 867 1351 cupiditatem,
921 1282 1296 1351 pervicaciam
1344 1301 1568 1352 semper
1619 1282 1894 1352 frangere,

270 1371 567 1424 abhorrere
612 1369 980 1422 vehementer
1020 1371 1091 1421 ab
1135 1370 1290 1421 omni
1337 1370 1662 1438 captatione
1708 1369 1896 1422 inanis

269 1457 475 1527 gloriae,
538 1464 694 1507 certo
745 1455 869 1506 istis
914 1455 1131 1523 judicio
1183 1474 1253 1506 ne
1305 1456 1521 1507 tribuas
1574 1457 1748 1507 decus
1800 1456 1896 1506 ab·

271 1545 466 1597 solutae
506 1544 771 1596 omnibus
811 1544 1060 1595 numeris
1096 1551 1152 1595 et
1186 1561 1592 1612 usquequaque
1634 1561 1898 1595 consum-

274 1637 440 1684 matae
486 1628 827 1683 sanctitatis,

340 1718 498 1771 Ordo
540 1715 836 1770 charitatis
878 1715 1127 1786 postulat
1173 1723 1233 1770 ut
1276 1715 1431 1786 prius
1476 1724 1531 1771 et
1575 1715 1757 1785 magis
1799 1716 1897 1770 do-

271 1805 518 1859 mesticis
571 1822 742 1875 quam
795 1803 1041 1857 externis
1098 1803 1442 1856 consulatur.
1525 1805 1714 1873 Quare
1763 1803 1896 1856 vide

269 1899 400 1946 ante
438 1893 632 1946 omnia
665 1900 726 1946 ut
758 1892 1004 1960 primum
1046 1909 1176 1960 erga
1218 1893 1447 1944 Fratres
1488 1899 1733 1955 nostr05,
1765 1908 1898 1960 erga

268 1999 469 2050 pueros
514 1988 570 2034 et
617 1978 904 2049 orphanos
955 1978 1370 2048 indigenarum,
1420 1978 1681 2031 alumnos
1727 1978 1896 2047 hujus

269 2070 485 2133 domuS,
515 2075 707 2138 partes
746 2053 913 2121 officii
941 2067 1162 2137 paterni
1202 2067 1368 2136 plane
1407 2085 1608 2119 omnes
1649 2055 1893 2135 expleaS,

268 2154 470 2208 animis
522 2154 725 2208 horum
777 2161 833 2209 et
886 2154 1217 2223 corporibus
1269 2171 1335 2208 ea
1388 2154 1629 2209 sollicite
1692 2170 1894 2223 procu-

268 2244 444 2297 rando
489 2243 694 2314 quibus
740 2250 924 2313 egent.
1007 2241 1136 2294 Hac
1183 2260 1316 2294 cura
1361 2239 1659 2311 perfuncto
1704 2239 1896 2294 licebit

269 2331 416 2398 quod
460 2330 734 2400 supererit
777 2330 878 2385 otii
920 2347 987 2385 ac
1028 2330 1232 2384 virium
1279 2330 1565 2383 effundere
1612 2330 1684 2382 ad
1727 2330 1895 2382 bene-

270 2420 599 2472 merendum
643 2419 714 2470 de
756 2416 955 2470 alienis
998 2436 1241 2488 quoque,

339 2507 469 2561 Hoc
513 2506 617 2560 tibi
660 2513 715 2561 et
759 2506 991 2560 nomine
1040 2507 1223 2560 Patris
1269 2506 1448 2560 nostri
1498 2505 1707 2575 Ignatii
1754 2523 1895 2575 prae-

268 2591 430 2660 cipio,
477 2601 532 2647 et
581 2611 649 2646 ex
699 2591 876 2646 animi
930 2592 1040 2646 mei
1094 2592 1378 2647 sententia
1430 2608 1602 2661 quam
1657 2608 1891 2662 possum

267 2677 680 2750 impensissime
719 2679 1079 2744 commendo,
1110 2678 1317 2750 quippe
1358 2678 1541 2734 habeo
1581 2678 1893 2749 persuasis·

266 2766 467 2822 simum
508 2767 778 2838 praecipui
812 2767 921 2821 hoc
961 2768 1241 2821 monitum
1284 2767 1561 2821 momenti
1590 2785 1759 2844 essezq
1787 2785 1893 2821 nec

266 2853 376 2911 fere
420 2856 768 2912 tolerabilius
814 2874 999 2911 errare
1041 2856 1165 2909 illos
1207 2856 1320 2926 qui,
1366 2856 1543 2909 oculis
1591 2855 1892 2909 hominum

265 2945 499 3009 probare
564 2962 623 2997 se
688 2943 946 3013 speciosa
1021 2943 1314 3012 superficie
1387 2943 1665 3006 contenti,
1752 2943 1889 2995 nihil

265 3031 420 3095 pensi
484 3031 696 3085 habent
761 3030 963 3084 intima
1027 3030 1304 3083 mentium
1370 3030 1710 3082 rimantibus
1783 3029 1890 3082 Dei

265 3116 553 3173 obtutibus
594 3118 940 3183 satisfacere,
970 3137 1141 3189 quam
1171 3117 1286 3189 qui,
1322 3118 1503 3172 securi
1532 3118 1889 3190 querelarum
