2665 3754
707 338 811 393 252
1057 346 1242 387 LIBER
1280 350 1407 389 vm.
1430 366 1502 375 —
1523 354 1815 398 EPISTOLA
1853 359 1978 400 xm.

700 480 923 545 rectori,
970 482 1078 537 nisi
1124 484 1275 541 aliud
1321 488 1371 542 ei
1414 491 1758 562 Praepositus
1810 498 2107 557 Generalis
2157 521 2317 559 man-

698 566 933 633 daverit,
965 579 1024 623 ut
1057 571 1197 625 istos
1237 574 1629 633 inobedientes
1656 600 1686 634 e
1715 583 2002 640 Societate
2041 589 2315 646 dimittat.

773 653 853 709 Ut
906 663 1062 711 certo
1118 667 1342 716 constet
1396 663 1466 717 de
1518 682 1644 720 mea
1694 667 1752 722 in
1805 669 1892 725 his
1943 674 2319 734 decernendis

691 737 860 807 plena
905 749 960 794 et
1006 742 1115 796 fixa
1166 745 1474 813 voluntate,
1523 750 1652 806 huic
1698 754 1910 811 chartae
1963 778 2135 815 manu
2188 780 2313 832 pro—

691 823 815 890 pria
849 826 1174 898 subscripsi.

766 911 925 975 Goae,
968 914 1102 966 VII.
1148 917 1283 970 Idus
1322 921 1528 989 Aprilis
1571 926 1827 982 MDLII.

1841 1043 1886 1093 F
1891 1057 2240 1097 RANCISCUS.

1082 1274 1642 1294 *W

1125 1469 1606 1531 EPISTULA
1657 1472 1862 1534 XIII.

1347 1698 1629 1758 Eidem.

1141 1930 1220 1981 De
1258 1949 1354 1981 usu
1394 1931 1824 1998 privilegiorum.

674 2070 893 2210 CUM
937 2084 1121 2128 certas
1157 2075 1455 2129 facultates
1483 2084 1538 2128 et
1567 2076 1859 2145 privilegia
1893 2078 2115 2129 Summi
2147 2080 2289 2130 Pon-

835 2162 1018 2215 tifices
1066 2162 1336 2215 Societati
1382 2164 1518 2232 Jesu
1561 2181 1661 2231 per
1709 2164 2053 2231 Praepositos
2100 2166 2286 2219 Gene-

657 2251 803 2303 rales
842 2250 1319 2303 communicanda
1359 2249 1763 2313 concesserint,
1794 2258 1849 2304 et
1881 2251 2049 2305 Pater
2091 2260 2286 2305 noster

658 2338 917 2407 Ignatius
956 2338 1351 2407 diplomatum,
1382 2337 1585 2407 quibus
1624 2337 1712 2391 hae
1752 2339 2150 2393 concessiones
2190 2358 2279 2393 ex-

653 2425 992 2495 primuntur,
1048 2424 1318 2494 exemplis
1371 2424 1442 2477 ad
1490 2442 1580 2477 me
1633 2425 1838 2489 missis,
1894 2425 2067 2479 etiam
2121 2434 2277 2496 pote-

652 2521 860 2566 statem
916 2513 1052 2565 mihi
1105 2513 1364 2565 tribuerit
1417 2530 1514 2564 eos
1567 2532 1596 2565 e
1644 2514 1871 2577 nostriS‚
1927 2532 2069 2583 quos
2125 2524 2277 2567 recte

653 2618 850 2652 usuros
902 2600 1010 2652 ista
1062 2599 1243 2666 gratia
1307 2600 1643 2662 censuerim,
1711 2601 1991 2668 ejusmodi
2047 2601 2274 2669 pontifi-

648 2688 865 2740 ciorum
896 2705 1194 2739 munerum
1239 2684 1674 2753 participatione
1717 2704 1816 2753 per
1861 2705 1951 2739 me
1994 2694 2092 2740 aut
2136 2686 2284 2753 alios-

644 2776 1008 2845 aspergendi:
1094 2793 1197 2842 ego
1262 2773 1594 2826 existimans
1669 2781 1792 2826 tum
1857 2781 1931 2837 te,
2002 2773 2275 2842 Magister

644 2865 886 2932 Gaspar,
932 2870 1116 2914 rector
1157 2860 1326 2928 hujus
1368 2859 1586 2927 collegii
1617 2859 1823 2923 Goani,
1869 2867 1991 2913 tum
2036 2877 2133 2913 eos
2177 2859 2272 2929 qui

640 2951 743 3005 tibi
789 2951 1046 3011 subsunt,
1101 2947 1302 3000 harum
1355 2946 1725 2999 attributione
1772 2945 2106 2999 facultatum
2153 2946 2266 3015 ple-

639 3038 767 3091 nius
793 3036 1157 3089 instruendos
1194 3035 1266 3086 ad
1295 3042 1458 3086 tanto
1499 3034 1816 3087 uberiorem
1857 3034 2263 3101 reportandum

637 3132 976 3197 proventum
1029 3122 1367 3184 animarum,
1422 3138 1661 3191 quarum
1710 3120 1767 3172 in
1814 3120 2035 3174 cultura
2084 3137 2269 3179 versa-

2650 527 2665 1084 ῌῌ-Ιι-ιὴιιῇιόλῌ
