2649 3754
11 1626 19 1729 “m“
14 1530 25 1620 *rx-⁴:1-
14 1485 24 1523 .--
15 1472 17 1479 -·
15 1462 17 1465 ·
13 1439 23 1447 ².
21 1419 23 1421 .
14 1408 16 1410 ·
15 1367 16 1370 „

649 299 752 353 192
1032 297 1217 339 LIBER
1255 298 1383 335 vm.
1406 312 1479 318 -
1499 297 1795 335 EPISTOLA
1835 296 1898 333 11.

639 455 770 492 cum
810 438 1128 508 praesertim
1162 438 1284 508 jam
1325 456 1439 492 non
1468 438 1589 492 sine
1629 438 1737 492 Dei
1778 438 2011 492 numine
2052 456 2274 493 eorum-

640 526 771 579 dem
815 525 1127 580 auctoritas
1172 526 1514 596 Amangucii
1561 533 1955 581 consenescat.

715 614 977 683 Dynasta
1015 612 1184 683 hujus
1224 613 1380 683 regni
1420 613 1723 686 primarius
1765 632 1877 668 una
1914 631 2043 668 cum
2081 631 2274 682 uxore,

639 699 850 753 femina
927 700 1255 764 lectissima,
1331 719 1435 754 nos
1499 700 1827 770 complexus
1892 708 1977 754 est
2043 699 2142 764 sie,
2209 708 2271 755 ut

638 789 939 842 amborum
984 789 1176 841 studia
1221 789 1386 841 nobis
1431 790 1504 841 ad
1551 789 1757 842 divinae
1810 788 2099 858 religionis
2143 805 2270 858 pro-

636 875 1002 945 pagationem
1056 892 1348 947 nunquam
1403 875 1701 930 defuerint.
1799 877 2013 931 Verum
2067 882 2271 935 neuter

639 970 700 1014 ut
781 961 1113 1030 religionem
1194 962 1456 1030 quamvis
1535 962 1889 1030 exploratam
1955 960 2269 1029 susciperet

639 1046 845 1101 adduci
901 1046 1115 1116 potuit:
1184 1046 1355 1117 idque
1412 1046 1623 1101 idcirco
1676 1047 1829 1117 quod
1902 1046 2081 1100 multa
2136 1046 2275 1100 bon-

637 1135 854 1187 ziorum
907 1134 1170 1187 coenobia
1223 1152 1326 1187 suo
1379 1143 1609 1203 sumptu
1673 1135 2043 1196 aedificarant,
2099 1133 2273 1185 vecti-

637 1220 969 1290 galibusque
1016 1221 1418 1284 instruxerant,
1468 1238 1580 1289 quo
1627 1220 1913 1283 Amidam,
1962 1236 2135 1289 quern
2187 1236 2276 1271 su-

638 1307 961 1374 perstitiose
1026 1307 1238 1368 colunt,
1305 1315 1533 1363 orarent
1598 1307 1843 1368 assidue,
1910 1314 1972 1357 ut
2038 1323 2139 1359 eos
2202 1306 2274 1356 ab

639 1392 807 1460 hujus
851 1393 984 1446 vitae
1027 1392 1451 1448 calamitatibus
1498 1401 1669 1461 atque
1716 1391 2102 1446 incommodis
2144 1409 2271 1462 pro-

639 1479 876 1542 hiberet,
931 1489 1102 1548 atque
1154 1481 1226 1531 ad
1280 1498 1425 1542 eam,
1481 1498 1593 1549 qua
1644 1479 1764 1547 ipse
1816 1478 2138 1548 perfruitur,
2196 1478 2275 1530 fe-

639 1566 915 1618 licitatem
964 1567 1272 1636 aliquando
1319 1568 1664 1619 traduceret.

719 1654 797 1706 Hi
845 1671 1064 1717 causaS,
1113 1671 1213 1706 cur
1256 1647 1549 1707 christiani
1593 1672 1707 1707 non
1755 1656 1975 1719 fierent,
2006 1654 2280 1725 plurimas

639 1740 969 1803 afferebant,
1013 1740 1164 1792 illam
1207 1740 1590 1809 potissimum,
1633 1741 1787 1809 quod
1827 1741 2083 1793 dicerent
2121 1759 2276 1810 egre-

637 1824 760 1895 gios
794 1844 853 1880 se
897 1826 1071 1880 Xacae
1100 1833 1156 1881 et
1186 1825 1407 1881 Amidae
1448 1844 1673 1896 semper
1713 1826 1958 1882 cultores
1998 1825 2272 1891 extitisse,

640 1930 951 1980 eorumque
993 1931 1164 1965 causa
1206 1919 1261 1966 et
1300 1911 1544 1984 plurima
1596 1912 1830 1982 largitos
1869 1931 1994 1967 esse
2035 1912 2276 1976 bonziis,

640 2006 696 2050 et
741 1998 907 2053 sedes
949 2018 1016 2053 ac
1060 1997 1348 2050 domicilia
1391 1999 1698 2060 excitasse;
1747 1999 1792 2051 si
1831 1999 1952 2066 jam
1996 1999 2067 2052 ad
2115 1997 2277 2051 Chri-

639 2093 790 2139 stum
867 2104 990 2138 sese
1064 2086 1454 2150 transferrent,
1530 2086 1774 2156 gratiam
1839 2095 1924 2140 tot
1991 2104 2271 2139 annorum

639 2173 837 2227 officiis
880 2173 1196 2237 collectam,
1246 2192 1592 2243 omnemque
1636 2175 1944 2243 superioris
1986 2175 2118 2228 vitae
2165 2174 2272 2226 fru-

640 2268 796 2320 ctum
851 2260 1045 2329 utique
1107 2260 1446 2330 perdituros.
1545 2262 1653 2314 Pro
1715 2269 1870 2315 certo
1923 2261 2139 2315 habent
2194 2279 2270 2323 se,

640 2348 917 2419 quidquid
963 2348 1220 2417 pecuniae
1267 2350 1440 2401 Xacae
1487 2356 1543 2401 et
1585 2349 1807 2401 Amidae
1854 2348 2087 2402 nomine
2135 2349 2274 2401 bon-

640 2435 743 2487 ziis
790 2435 1069 2497 dederint,
1117 2443 1247 2503 post
1297 2444 1541 2488 mortem
1589 2454 1719 2488 cum
1764 2435 2013 2487 maximo
2060 2434 2277 2488 foenore

641 2531 986 2591 recepturOS,
1041 2541 1107 2575 ac
1160 2531 1436 2591 praeterea
1501 2523 1688 2576 cultus
1749 2523 2093 2592 pietatisque
2162 2539 2279 2575 suae

643 2610 889 2663 fructum
944 2610 1380 2679 amplissimum.
1461 2614 1602 2681 Quae
1666 2611 1883 2663 scilicet
1938 2629 2007 2663 ne
2060 2610 2280 2662 amitte-

641 2704 785 2760 rent,
834 2697 906 2749 ad
954 2696 1251 2749 Christum
1296 2697 1539 2749 transire
1587 2697 1912 2749 noluerunt.
1981 2748 1983 2750 ,

717 2785 1059 2836 Persuasum
1125 2783 1337 2837 habent
1401 2787 1655 2855 Japones
1707 2784 1765 2836 in
1819 2784 1913 2836 illa
1977 2784 2277 2837 beatorum

642 2871 774 2924 sede
827 2871 1023 2940 epulas
1076 2872 1406 2941 cultumque
1458 2872 1591 2925 vitae
1642 2879 1946 2941 suppetere
1993 2888 2124 2925 cum
2172 2868 2279 2922 ele-

640 2959 835 3030 gantia
881 2968 937 3012 et
983 2960 1175 3030 copia3
1238 2969 1410 3030 atque
1458 2968 1518 3014 ut
1566 2959 1805 3030 quisque
1858 2959 2009 3029 apud
2058 2959 2277 3012 Xacam

645 3055 703 3103 et
765 3047 1034 3102 Amidam
1098 3048 1347 3102 maxima
1399 3048 1456 3102 in
1509 3048 1692 3118 gratia
1754 3048 1940 3112 fuerit,
1998 3047 2079 3101 ita
2130 3042 2281 3119 apud
