2639 3798
824 487 1006 522 LIBER
1046 487 1583 523 VIII.—EPISTOLA
1623 488 1676 524 V.
1964 488 2066 540 215

1998 578 2033 604 s

433 646 677 699 expensa
706 644 876 695 quam
909 624 1146 673 minima
1175 623 1246 673 sit
1277 623 1433 673 satis.
1511 625 1575 672 In
1606 643 1718 689 quo
1747 631 1941 674 tamen
1971 605 2066 675 ad·
2120 692 2123 697 Δ

432 725 584 772 verte
634 732 722 767 me
769 729 870 781 per
912 712 1034 763 haec
1070 711 1485 779 parcimoniam
1534 728 1710 778 usque
1754 713 1824 760 ad
1871 712 2068 761 sordes

433 804 688 856 odiosam
756 799 1260 866 importunamque
1321 814 1434 849 non
1489 797 1823 864 praecipere:
1885 816 2065 865 apage

433 892 484 941 id
541 888 799 956 quidem;
860 884 996 951 quin
1051 875 1218 951 plane
1272 891 1402 936 veto
1459 883 1770 951 quidquam
1826 885 2065 936 omnino

432 976 684 1028 subtrahi
752 974 897 1023 veris
963 969 1402 1021 necessitatibus
1461 971 1666 1021 domus
1719 977 1775 1022 et
1836 969 2063 1044 familiae

432 1065 609 1118 istius.
688 1064 941 1113 Tantum
1002 1067 1137 1127 peto
1187 1066 1264 1120 ut,
1322 1057 1543 1110 ratione
1586 1064 1642 1109 et
1699 1056 2064 1109 commisera-

429 1152 583 1206 tione
621 1149 815 1201 habita
870 1148 1076 1215 inopiae
1125 1155 1391 1200 extremae
1447 1164 1558 1214 qua
1610 1153 1963 1213 premuntur,
2007 1145 2063 1197 in

428 1258 525 1290 ora
577 1235 892 1306 praesertim
949 1233 1369 1295 Comorinensi‚
1419 1233 1661 1300 operarii
1732 1233 2061 1301 evangelici,

428 1325 643 1391 redigat
700 1341 757 1371 se
828 1321 977 1371 intra
1036 1319 1177 1371 fines
1242 1326 1414 1371 arctae
1471 1319 1822 1372 sufficientiae
1876 1327 2064 1372 vestra

429 1409 693 1469 charitas,
761 1406 1041 1472 tantisper
1095 1406 1230 1455 dum
1296 1403 1522 1455 aliunde
1588 1403 1921 1457 consulatur
1986 1404 2062 1457 illi

428 1494 813 1545 afflictissimae
883 1492 1176 1551 Ecclesiae,
1238 1492 1294 1540 in
1348 1510 1459 1556 qua
1522 1491 1701 1556 (quod
1764 1490 1906 1541 flens
1948 1509 2062 1542 me·

428 1583 615 1641 moro)
692 1586 778 1629 tot
851 1577 1068 1644 parvuli
1151 1577 1272 1628 sine
1346 1576 1647 1643 Baptismo
1720 1576 2057 1638 moriuntur,

426 1667 634 1716 idcirco
688 1666 820 1732 quia
875 1668 1034 1714 deest
1097 1665 1247 1714 unde
1301 1662 1620 1715 miserrimo
1674 1662 1785 1715 illic
1837 1670 2058 1716 susten-

425 1760 616 1803 tentur
666 1751 819 1801 victu
873 1751 1200 1801 sacerdotes
1253 1749 1450 1810 nostri,
1521 1748 1617 1815 qui
1670 1748 1716 1800 si
1770 1749 2057 1810 adessent,

423 1828 496 1901 et,
535 1846 700 1906 prout
730 1844 816 1890 est
844 1855 1005 1904 opus,
1050 1837 1443 1889 concursando
1483 1836 1709 1888 assidue
1749 1836 2057 1889 lustrarent

423 1925 514 1976 illa
547 1923 933 1976 infelicissima
974 1923 1239 1991 mapalia,
1282 1924 1528 1990 tempori
1569 1932 1933 1975 occurrerent
1976 1923 2056 1974 in-

422 2010 669 2063 fantibus
738 2017 871 2063 ante
937 2009 1170 2063 Christo
1236 2010 1637 2078 regenerandis
1703 2028 1874 2077 quam
1943 2011 2058 2062 vita

422 2098 780 2148 decederent.

495 2184 580 2233 De
634 2184 805 2233 modo
858 2183 1118 2248 exigendi
1177 2182 1474 2248 vectigalia
1528 2181 1636 2232 hoc
1690 2182 1746 2233 in
1804 2191 2053 2234 mentem

420 2269 679 2320 veniebat
734 2271 1071 2320 admonere:
1134 2287 1248 2319 non
1296 2270 1519 2320 videtur
1571 2269 1835 2336 expedire
1882 2279 1942 2321 ut
1990 2289 2057 2321 ea

419 2371 517 2420 per
561 2362 618 2407 te
664 2355 848 2422 ipsum
899 2364 995 2408 aut
1043 2373 1143 2423 per
1189 2355 1361 2407 ullum
1406 2374 1434 2407 e
1479 2355 1690 2407 nostris
1737 2355 2054 2423 exigantur.

421 2441 531 2490 Sed
586 2442 861 2492 utendum
917 2443 988 2493 ad
1043 2441 1151 2494 hoc
1205 2460 1376 2508 opera
1432 2443 1597 2494 unius
1656 2451 1753 2494 aut
1807 2442 2053 2510 plurium

418 2526 730 2578 amicorum
785 2527 913 2580 laici
967 2529 1200 2588 ordiniS‚
1257 2547 1400 2596 quos
1448 2528 1607 2596 quasi
1656 2536 2054 2595 procuratores

417 2619 514 2662 tua
559 2615 679 2664 vice
726 2617 1064 2666 constituas.
1147 2618 1213 2666 In
1258 2615 1461 2666 horum
1507 2615 1728 2668 delectu
1777 2615 2055 2669 habeatur

416 2699 661 2765 primum
718 2704 861 2754 ratio
914 2705 1216 2770 probitatis
1270 2712 1325 2753 et
1380 2703 1684 2768 religionis,
1740 2712 1800 2754 ut
1849 2703 1883 2753 ii
1941 2704 2052 2755 sint

417 2786 510 2853 qui
551 2787 605 2838 in
647 2789 779 2841 vitae
822 2808 924 2843 usu
961 2791 1099 2858 justi
1143 2798 1197 2842 et
1240 2790 1386 2858 aequi
1428 2790 1763 2851 habeantur,
1807 2801 1861 2839 et
1903 2809 2050 2841 verae

417 2870 472 2923 in
523 2872 707 2926 Deum
764 2874 993 2941 pietatis
1048 2876 1339 2943 specimen
1396 2879 1567 2936 edant
1622 2876 2052 2947 frequentandis

419 2958 776 3012 Poenitentiae
824 2961 1318 3029 Eucharistiaeque
1359 2962 1750 3025 sacramentiS,
1791 2963 2053 3030 qualibus

415 3047 586 3097 etiam
655 3052 983 3102 conveniret
1044 3051 1165 3117 pias
1231 3049 1445 3116 aliquot
1512 3048 2049 3112 commentationes,

416 3149 481 3183 ex
527 3135 594 3185 iis
642 3155 766 3204 quae
815 3140 885 3189 ad
933 3139 1178 3206 primam
1228 3137 1607 3207 Spiritualz'zmz
1656 3136 2051 3191 Exercitiorum

415 3217 833 3275 hebdomadem
879 3226 1184 3292 pertinent,
1226 3243 1255 3275 a
1293 3225 1454 3277 vobis
1496 3223 1664 3276 tradi,
