2665 3754
777 336 883 406 384
1191 352 1375 391 LIBER
1417 353 1492 389 lx.
1518 352 1904 390 —EPISTOLA
1950 352 2002 390 x.

206 104 210 164 ἕ

207 216 210 251 5

203 277 212 410 ἰ

206 412 211 461 f

205 462 228 564 i,
779 486 1130 549 exhauseris;
1180 496 1355 558 atque
1398 490 1559 552 adeO,
1604 497 1773 557 prout
1815 497 1872 542 te
1914 488 2054 541 velle
2096 488 2247 552 novi,
2291 493 2404 545 uni-

198 569 221 643 ς’,ξἶ
776 592 970 628 versos
1030 574 1184 643 ipsos
1234 584 1336 629 tuo
1388 575 1619 629 nomine
1677 575 1932 630 salutans
1946 593 1958 638 3
2025 582 2081 629 et
2140 576 2404 645 quoniam

201 639 228 785 ξ
779 680 812 715 a
846 662 1141 732 proposito
1177 680 1274 714 eos
1305 662 1543 732 juvandi
1581 681 1695 715 non
1729 661 1991 725 desistaS,
2026 680 2253 730 sperare
2285 662 2404 720 illos

769 749 978 818 jubens
1029 757 1104 814 te,
1159 751 1205 803 si
1259 766 1371 820 quo
1417 752 1588 804 modo
1648 750 1900 820 potueris
1951 749 2247 804 obstacula
2296 752 2401 820 piis

775 836 888 891 tuis
952 838 1252 892 conatibus
1316 836 1592 892 hactenus
1657 837 1903 907 objecta,
1966 838 2091 890 Deo
2149 837 2397 906 juvante,

776 943 1158 995 perrumpere,
1197 926 1270 978 ad
1303 925 1456 995 ipsos
1492 943 1644 978 anno
1677 932 1950 995 sequente
1983 932 2399 993 perventurum.

851 1013 991 1066 Peto
1031 1031 1064 1065 a
1099 1020 1157 1065 te
1195 1020 1295 1066 tua
1331 1031 1522 1075 causa,
1562 1013 1810 1075 domine,
1851 1020 1910 1065 ut
1947 1013 2144 1065 Patres
2177 1020 2401 1068 nostros

773 1099 869 1169 qui
916 1099 1043 1153 istic
1089 1108 1220 1153 sunt
1265 1099 1589 1170 frequenter
1632 1100 1783 1153 visas
1798 1118 1811 1162 ;
1860 1099 2130 1173 quoniam
2175 1101 2396 1155 confido

772 1186 947 1240 animi
1012 1204 1138 1256 quae
1201 1195 1258 1240 te
1312 1186 1468 1256 angit
1528 1186 1921 1257 aegritudinem
1983 1187 2392 1242 consuetudine

776 1273 1028 1344 ipsorum
1074 1273 1446 1344 alloquiisque
1495 1275 1889 1328 minuendam.

849 1363 1066 1417 Iterum
1112 1363 1253 1416 vale,

920 1546 1079 1598 Tuus
1117 1543 1445 1597 verissimus
1485 1543 1721 1607 amicuS,

1928 1692 2327 1744 FRANCISCUS.

1255 2219 1741 2282 EPISTOLA
1790 2220 1875 2281 X.

1444 2448 1727 2510 Eidem.

842 2658 1172 2710 Sancianum
1208 2657 1464 2727 appulsus,
1504 2675 1620 2709 eune
1654 2664 1933 2711 mercato-re
1969 2657 2217 2727 transigit
2253 2661 2309 2708 ut
2345 2670 2390 2705 se

768 2743 812 2796 C
816 2749 1057 2795 antonem
1100 2743 1367 2812 perducat.
1444 2743 1713 2795 Pereirain
1767 2749 1814 2795 et
1854 2749 2245 2812 procuratorem
2289 2741 2390 2810 ejus

768 2830 1108 2885 Scandelium
1143 2829 1343 2882 laudat.
1422 2829 1489 2882 Si
1517 2829 1682 2899 fidem
1718 2835 1973 2882 mereator
1997 2829 2181 2900 fallat,
2219 2831 2389 2897 anceps

765 2918 937 2970 animi
961 2918 1164 2986 pendet,
1201 2918 1308 2969 nisi
1331 2918 1473 2986 forte
1509 2919 1579 2970 ad
1611 2936 1831 2988 regnum
1858 2918 2039 2971 Sionis
2064 2937 2114 2970 se
2145 2918 2386 2988 conferat.

768 3003 999 3055 Litteras
1050 3008 1097 3054 et
1145 3007 1460 3072 conspectum
1503 3003 1729 3056 Pereirce
1773 3003 2044 3066 desiderat,
2092 3005 2179 3058 cui
2220 3004 2387 3061 Fran-

768 3092 959 3145 ciscmn
1004 3093 1063 3143 de
1115 3091 1260 3144 Villa
1305 3091 1640 3143 commendat.
