2665 3754
704 326 809 384 274
1048 327 1232 367 LIBER
1269 325 1398 367 v111.
1419 342 1492 352 —
1512 324 1804 379 EPISTOLA
1840 324 1981 368 xvil.

700 466 919 531 itinere,
962 467 1020 521 in
1063 487 1175 538 quo
1217 469 1508 525 biennium
1552 470 1847 525 minimum
1893 469 2142 538 ponitur,
2188 469 2327 525 satis

702 553 1019 607 addiscent.

772 642 967 696 Unum
1008 650 1094 696 est
1134 644 1286 713 quod
1326 659 1463 696 sane
1502 643 1644 696 scire
1676 651 1734 696 te
1760 643 1947 707 velim,
1988 642 2321 712 primarium

697 727 943 797 aliquem
988 729 1293 783 Societatis
1334 729 1425 782 hic
1468 729 1793 794 desiderari,
1841 729 2098 783 Instituti
2145 730 2324 783 nostri

696 815 942 885 peritum
995 817 1275 886 imprimis
1327 835 1393 871 ac
1446 817 1786 883 studiosum,
1835 818 1925 871 cui
1980 816 2194 871 scilicet
2247 824 2327 870 te-

696 920 827 955 cum
891 911 1055 956 vetus
1119 904 1472 956 consuetudo
1536 903 1936 957 intercesserit.
2029 903 2175 966 Tali,
2241 903 2323 956 in-

697 1006 889 1060 quam,
921 990 1042 1044 viro
1089 992 1356 1045 Goanum
1402 989 1511 1045 hoc
1555 990 1906 1044 domicilium
1953 997 2008 1043 et
2050 997 2140 1042 tot
2185 988 2323 1043 locis

698 1094 894 1145 sparsa
942 1076 1200 1132 Societas
1251 1093 1442 1131 carere
1494 1093 1610 1131 non
1662 1084 1872 1147 potest,
1927 1076 2208 1147 siquidem
2254 1078 2327 1132 ad

701 1163 957 1218 Instituti
1022 1163 1202 1217 nostri
1266 1163 1418 1232 leges
1483 1171 1539 1216 et
1604 1163 2043 1217 constitutiones
2110 1162 2328 1217 confor-

699 1250 911 1303 manda
949 1257 1054 1304 est.
1134 1251 1256 1304 Nec
1289 1267 1423 1303 vero
1463 1267 1697 1304 necesse
1737 1257 1822 1304 est
1862 1268 1993 1304 eum
2034 1267 2157 1303 esse
2197 1267 2327 1305 con-

698 1337 1079 1393 cionatorem:
1120 1337 1352 1393 tametsi
1385 1336 1764 1392 concionandi
1804 1335 2075 1392 facultate
2114 1345 2324 1403 careat,

699 1425 824 1480 usui
864 1433 1060 1480 tamen
1104 1426 1269 1480 nobis
1311 1425 1416 1480 erit
1456 1432 1512 1480 et
1556 1424 1962 1480 emolumentO.

774 1514 893 1569 Oro
944 1521 1001 1568 te
1054 1520 1224 1584 atque
1277 1514 1515 1567 obsecro
1559 1531 1660 1584 per
1707 1515 1925 1585 Jesum,
1974 1521 2035 1567 ut
2083 1513 2328 1584 aliquem

700 1600 802 1654 abs
828 1608 885 1654 te
921 1600 1046 1670 ipso
1086 1600 1368 1654 delectum
1409 1599 1578 1669 hujus
1617 1600 1835 1669 collegii
1875 1607 2156 1654 rectorem
2198 1618 2328 1655 con-

704 1688 936 1750 stituas3
1003 1696 1065 1741 ut
1130 1688 1283 1742 enim
1348 1688 1395 1741 is
1452 1706 1567 1742 non
1625 1688 1876 1742 abundet
1940 1687 2329 1742 doctrinarum

704 1772 961 1838 scientia,
990 1782 1186 1828 tamen
1229 1773 1485 1845 quisquis
1529 1773 1633 1830 erit
1660 1782 1761 1829 tuo
1799 1773 2016 1844 judicio
2058 1773 2329 1839 delectuS,

702 1862 959 1931 profecto
1022 1863 1152 1917 talis
1204 1863 1309 1917 erit
1367 1863 1591 1932 qualem
1644 1862 1768 1916 haec
1819 1863 2024 1916 domus
2076 1861 2328 1933 requirit.

705 1950 903 2004 Patres
945 1949 1154 2019 quippe
1196 1968 1263 2003 ac
1311 1951 1560 2013 FratreS,
1591 1949 1686 2019 qui
1732 1949 1888 2002 hisce
1930 1949 1987 2002 in
2029 1949 2170 2003 locis
2209 1967 2329 2003 ver-

703 2042 917 2099 santur,
973 2034 1295 2089 mirandum
1347 2035 1406 2088 in
1458 2036 1692 2088 modum
1746 2042 2019 2104 expetunt
2071 2036 2142 2088 ab
2194 2037 2330 2089 urbe

705 2124 1125 2176 moderatorem
1168 2123 1468 2191 ejusmodi,
1502 2124 1598 2191 qui
1626 2131 1816 2177 tecum
1857 2123 1952 2177 diu
1996 2141 2062 2177 ac
2091 2123 2330 2180 multum

704 2207 889 2262 fuerit.
970 2210 1028 2262 Is
1079 2209 1126 2262 si
1172 2208 1586 2263 anniversarias
1638 2216 1910 2263 octonum
1963 2207 2182 2262 dierum
2237 2209 2328 2261 In-

706 2297 1045 2366 dulgentiaS,
1089 2297 1292 2367 quibus
1332 2297 1575 2367 populus
1618 2298 1786 2351 certis
1828 2297 2028 2350 diebus
2069 2297 2228 2350 festis
2259 2297 2331 2349 ad

707 2384 1080 2439 confessionis
1122 2393 1177 2439 et
1222 2384 1600 2439 Eucharistiae
1644 2391 2003 2439 sacramenta
2044 2383 2330 2448 invitetur,

707 2472 877 2527 istinc
923 2492 1116 2527 secum
1164 2473 1434 2539 attulerit,
1478 2491 1598 2527 rem
1640 2472 1850 2543 populo
1892 2480 2214 2543 pergratam
2258 2470 2330 2538 fe-

708 2561 847 2615 cerit
893 2562 1199 2631 divinoque
1244 2562 1419 2616 cultui
1464 2570 1968 2631 peropportunam.

781 2649 890 2702 Vix
931 2649 1044 2703 dici
1080 2657 1269 2719 potest
1295 2648 1599 2721 Jubilaeum
1642 2649 1744 2702 abs
1778 2657 1836 2703 te
1878 2648 2115 2702 missum
2158 2665 2328 2719 quam

711 2737 904 2792 multis
949 2737 1117 2791 saluti
1162 2737 1352 2792 fuerit.
1432 2737 1735 2805 Ejusmodi
1787 2744 1978 2791 autem
2033 2735 2332 2805 Indulgen-

708 2826 820 2880 tias
871 2824 1166 2895 pontificio
1218 2824 1529 2894 diplomate
1581 2823 2042 2894 comprehensaS‚
2094 2820 2334 2877 auctori-

709 2922 830 2969 tate
872 2913 1204 2983 obsignatas
1246 2931 1375 2967 cum
1419 2912 1596 2982 signis
1655 2912 2037 2982 pendentibus
2075 2910 2225 2965 mitti
2261 2909 2332 2963 ad

712 3021 816 3056 nos
856 3001 1053 3064 velim3
1121 3020 1305 3071 neque
1358 3000 1510 3054 enim
1573 2999 1664 3054 hic
1726 3001 1931 3054 desunt
1989 3000 2084 3070 qui
2144 2998 2333 3068 hujus-

712 3089 864 3143 modi
927 3088 1214 3159 pontificis
1269 3087 1561 3151 beneficia,
1616 3087 1661 3141 si
1714 3088 1849 3156 quid
1914 3087 2115 3142 horum
2169 3084 2332 3147 desit,
