2649 3754
686 324 792 377 226
1050 338 1234 376 LIBER
1272 339 1400 377 vm.
1423 338 1807 376 —EmsTOLA
1846 337 1949 375 v11.

1150 550 1373 609 EPJS
1382 551 1446 609 T
1449 549 1633 610 OLA
1701 552 1850 610 VII.

1080 733 1157 792 P.
1209 732 1489 794 Simoni
1538 733 1916 795 Roderico.

759 993 1032 1043 Andream
1107 994 1151 1045 C
1156 993 1441 1043 arvallium
1503 994 1562 1044 in
1623 994 1966 1045 Lusitaniam
2040 994 2311 1045 remissum

688 1078 1024 1130 commendat.

758 1250 958 1303 Gratia
1009 1259 1065 1303 et
1117 1269 1277 1303 amor
1335 1252 1471 1321 Jesu
1542 1250 1756 1303 Christi
1827 1251 2061 1303 Domini
2130 1252 2308 1304 nostri

683 1336 832 1389 adsit
876 1356 1099 1406 semper
1142 1337 1305 1389 nobis
1347 1338 1554 1389 auxilio
1597 1347 1652 1390 et
1695 1337 1903 1390 favore.
1981 1340 2182 1391 Amen.

691 1507 1141 1650 SCRIPTURUS
1188 1528 1318 1566 mox
1364 1512 1435 1565 ad
1477 1519 1534 1566 te
1578 1511 1753 1566 fusius
1796 1512 1866 1566 de
1909 1511 2076 1566 rebus
2119 1511 2306 1566 Socie-

835 1598 970 1653 tatis
1017 1598 1073 1652 in
1120 1597 1207 1652 his
1257 1598 1420 1652 terris
1467 1606 1694 1663 nostrae,
1749 1597 1898 1653 hanc
1950 1606 2304 1669 segregatam

678 1695 733 1740 et
785 1686 1126 1756 peculiarem
1180 1686 1375 1755 paucis
1428 1686 1717 1739 absolvam
1773 1686 2091 1756 epistolam,
2147 1686 2306 1755 cujus

680 1780 1080 1843 argumentum
1125 1773 1275 1826 idem
1321 1781 1374 1826 et
1421 1772 1747 1826 tabellarius
1776 1774 2033 1826 Andreas
2078 1772 2305 1827 Carval-

680 1860 786 1913 lius
837 1860 959 1912 erit.

751 1947 922 1998 Hunc
972 1965 1076 2015 ego
1121 1946 1436 2015 perbonum
1480 1947 1749 2015 juvenem
1796 1947 2137 1999 valetudinis
2181 1966 2302 2016 gra-

676 2033 756 2085 tia
801 2033 1209 2085 remittendum
1254 2034 1325 2085 ad
1368 2051 1469 2085 vos
1512 2033 1724 2085 censui.
1806 2033 1919 2085 Hic
1961 2034 2112 2086 enim
2158 2052 2304 2102 aegre

675 2116 849 2169 vitam
905 2115 1185 2178 trahebat,
1235 2124 1289 2169 et
1344 2135 1454 2184 qua
1508 2123 1676 2169 aetate
1729 2123 1900 2184 atque
1953 2116 2141 2169 indole
2198 2125 2301 2179 est,

677 2203 881 2255 medici
933 2204 1239 2271 sperabant
1287 2203 1455 2272 patrii
1496 2204 1622 2256 coeli
1674 2203 1879 2256 haustu
1931 2203 2177 2272 reparari
2226 2203 2301 2255 vi-

674 2307 762 2342 res
809 2291 928 2359 ejus
978 2291 1175 2342 morbo
1221 2297 1554 2358 prostratas,
1604 2297 1658 2342 et
1702 2290 1759 2341 in
1806 2289 2087 2359 integrum
2134 2307 2302 2358 posse

682 2376 920 2430 restitui.

750 2466 837 2517 De
880 2465 972 2516 illo
1016 2465 1123 2517 hoc
1166 2483 1397 2535 peregre
1440 2465 1680 2529 redienS,
1730 2466 1996 2517 concordi
2045 2465 2299 2518 omnium

677 2553 771 2621 qui
818 2552 909 2603 hic
956 2560 1086 2604 sunt
1132 2553 1463 2604 testimonio
1508 2553 1928 2621 comperiebam
1982 2553 2117 2605 nulli
2170 2570 2299 2606 eum

677 2647 1000 2692 nostrorum
1051 2638 1138 2691 his
1178 2639 1234 2690 in
1275 2638 1412 2691 locis
1462 2638 1810 2707 degentium,
1863 2638 2089 2692 dotibus
2140 2646 2300 2693 natu·
2365 2647 2368 2649 ’

675 2743 769 2788 rae,
817 2724 1162 2794 profectibus
1200 2725 1474 2778 doctrinae
1517 2743 1582 2778 ac
1626 2724 1790 2778 donis
1831 2724 2027 2793 gratiae
2072 2725 2297 2787 cedere;

676 2829 1055 2880 magnamque
1102 2811 1159 2864 in
1206 2812 1327 2879 ejus
1366 2811 1665 2879 juventute
1712 2829 1869 2879 spem
1919 2811 2131 2879 passim
2182 2831 2300 2864 ma-

670 2898 824 2966 jores
870 2907 1005 2951 natu
1053 2898 1351 2961 collocant,
1397 2899 1468 2950 ob
1514 2898 1751 2951 virtutes
1798 2917 1938 2967 quas
1986 2899 2042 2950 in
2089 2917 2157 2951 eo
2201 2917 2298 2968 po-

677 2987 788 3038 suit
853 2987 1008 3038 Deus
1072 2986 1355 3038 Dominus
1409 2993 1618 3048 noster,
1684 3004 1936 3055 quasque
1988 3004 2090 3055 per
2141 3004 2300 3039 suam

680 3073 1128 3127 misericordiam
1193 3073 1437 3143 augebit.
1535 3073 1817 3143 Equidem
1880 3073 1957 3128 ita
2015 3091 2139 3128 esse
2196 3091 2302 3143 ego
