<?xml version="1.0" encoding="UTF-8"?>
<!DOCTYPE html PUBLIC "-//W3C//DTD XHTML 1.0 Transitional//EN"
    "http://www.w3.org/TR/xhtml1/DTD/xhtml1-transitional.dtd">
<html xmlns="http://www.w3.org/1999/xhtml" xml:lang="en" lang="en">
 <head>
  <title>
</title>
<meta http-equiv="Content-Type" content="text/html;charset=utf-8" />
  <meta name='ocr-system' content='tesseract 3.04.00' />
  <meta name='ocr-capabilities' content='ocr_page ocr_carea ocr_par ocr_line ocrx_word'/>
</head>
<body>
  <div class='ocr_page' id='page_1' title='image "./pts_epistolae_3720-0638_v2/pts_epistolae_3720-0638_v2_0211.png"; bbox 0 0 2649 3754; ppageno 0'>
   <div class='ocr_carea' id='block_1_1' title="bbox 623 379 1871 417">
    <p class='ocr_par' dir='ltr' id='par_1_1' title="bbox 623 379 1871 417">
     <span class='ocr_line' id='line_1_1' title="bbox 623 379 1871 417; baseline 0.002 -2"><span class='ocrx_word' id='word_1_1' title='bbox 623 380 727 416; x_wconf 88' lang='lat'>202</span> <span class='ocrx_word' id='word_1_2' title='bbox 1008 380 1194 416; x_wconf 91' lang='lat' dir='ltr'>LIBER</span> <span class='ocrx_word' id='word_1_3' title='bbox 1231 380 1360 416; x_wconf 84' lang='lat' dir='ltr'>VIII.</span> <span class='ocrx_word' id='word_1_4' title='bbox 1382 395 1455 401; x_wconf 85' lang='lat'><strong>—</strong></span> <span class='ocrx_word' id='word_1_5' title='bbox 1474 379 1768 417; x_wconf 89' lang='lat' dir='ltr'>EPISTOLA</span> <span class='ocrx_word' id='word_1_6' title='bbox 1809 381 1871 417; x_wconf 91' lang='grc' dir='ltr'>ΙΙ.</span> 
     </span>
    </p>
   </div>
   <div class='ocr_carea' id='block_1_2' title="bbox 612 513 2251 1014">
    <p class='ocr_par' dir='ltr' id='par_1_2' title="bbox 612 513 2251 1014">
     <span class='ocr_line' id='line_1_2' title="bbox 616 513 2251 583; baseline 0.002 -18"><span class='ocrx_word' id='word_1_7' title='bbox 616 514 769 566; x_wconf 90' lang='lat' dir='ltr'>enim</span> <span class='ocrx_word' id='word_1_8' title='bbox 821 514 1156 566; x_wconf 84' lang='lat' dir='ltr'>bonziorum</span> <span class='ocrx_word' id='word_1_9' title='bbox 1212 514 1443 582; x_wconf 89' lang='lat' dir='ltr'>spiritus</span> <span class='ocrx_word' id='word_1_10' title='bbox 1496 532 1596 582; x_wconf 94' lang='lat' dir='ltr'>per</span> <span class='ocrx_word' id='word_1_11' title='bbox 1649 532 1753 566; x_wconf 90' lang='lat' dir='ltr'>nos</span> <span class='ocrx_word' id='word_1_12' title='bbox 1800 513 1982 583; x_wconf 84' lang='lat' dir='ltr'>frangi</span> <span class='ocrx_word' id='word_1_13' title='bbox 2025 534 2058 568; x_wconf 92' lang='lat' dir='ltr'>a</span> <span class='ocrx_word' id='word_1_14' title='bbox 2108 517 2251 582; x_wconf 91' lang='lat' dir='ltr'>De0,</span> 
     </span>
     <span class='ocr_line' id='line_1_3' title="bbox 617 599 2251 668; baseline 0.002 -16"><span class='ocrx_word' id='word_1_15' title='bbox 617 599 1066 668; x_wconf 88' lang='lat' dir='ltr'>praeclaramque</span> <span class='ocrx_word' id='word_1_16' title='bbox 1135 601 1204 652; x_wconf 92' lang='lat' dir='ltr'>de</span> <span class='ocrx_word' id='word_1_17' title='bbox 1281 600 1662 653; x_wconf 79' lang='lat' dir='ltr'>acerbissimis</span> <span class='ocrx_word' id='word_1_18' title='bbox 1739 600 2001 654; x_wconf 86' lang='lat' dir='ltr'>hostibus</span> <span class='ocrx_word' id='word_1_19' title='bbox 2074 603 2251 656; x_wconf 89' lang='lat' dir='ltr'>victo-</span> 
     </span>
     <span class='ocr_line' id='line_1_4' title="bbox 613 687 2246 759; baseline 0.003 -20"><span class='ocrx_word' id='word_1_20' title='bbox 613 687 755 739; x_wconf 83' lang='lat' dir='ltr'>riam</span> <span class='ocrx_word' id='word_1_21' title='bbox 822 688 1118 755; x_wconf 86' lang='lat' dir='ltr'>reportari.</span> <span class='ocrx_word' id='word_1_22' title='bbox 1217 689 1434 740; x_wconf 91' lang='lat' dir='ltr'>Rursus</span> <span class='ocrx_word' id='word_1_23' title='bbox 1501 688 1765 740; x_wconf 82' lang='lat' dir='ltr'>videbam</span> <span class='ocrx_word' id='word_1_24' title='bbox 1828 689 2246 759; x_wconf 89' lang='lat' dir='ltr'>neophytorum</span> 
     </span>
     <span class='ocr_line' id='line_1_5' title="bbox 612 774 2246 841; baseline 0.002 -17"><span class='ocrx_word' id='word_1_25' title='bbox 612 781 735 824; x_wconf 86' lang='lat' dir='ltr'>tum</span> <span class='ocrx_word' id='word_1_26' title='bbox 804 791 872 824; x_wconf 83' lang='lat' dir='ltr'>ex</span> <span class='ocrx_word' id='word_1_27' title='bbox 939 774 1216 825; x_wconf 85' lang='lat' dir='ltr'>convictis</span> <span class='ocrx_word' id='word_1_28' title='bbox 1269 774 1488 824; x_wconf 81' lang='lat' dir='ltr'>bonziis</span> <span class='ocrx_word' id='word_1_29' title='bbox 1555 774 1779 841; x_wconf 91' lang='lat' dir='ltr'>gaudia,</span> <span class='ocrx_word' id='word_1_30' title='bbox 1836 782 1958 825; x_wconf 91' lang='lat' dir='ltr'>tum</span> <span class='ocrx_word' id='word_1_31' title='bbox 2013 775 2246 827; x_wconf 88' lang='lat' dir='ltr'>incensa</span> 
     </span>
     <span class='ocr_line' id='line_1_6' title="bbox 613 859 2248 930; baseline 0.002 -18"><span class='ocrx_word' id='word_1_32' title='bbox 613 859 804 912; x_wconf 88' lang='lat' dir='ltr'>studia</span> <span class='ocrx_word' id='word_1_33' title='bbox 850 859 906 912; x_wconf 92' lang='lat' dir='ltr'>in</span> <span class='ocrx_word' id='word_1_34' title='bbox 954 860 1354 929; x_wconf 84' lang='lat' dir='ltr'>oppugnandis</span> <span class='ocrx_word' id='word_1_35' title='bbox 1407 859 1652 913; x_wconf 83' lang='lat' dir='ltr'>ethnicis</span> <span class='ocrx_word' id='word_1_36' title='bbox 1699 867 1870 929; x_wconf 86' lang='lat' dir='ltr'>atque</span> <span class='ocrx_word' id='word_1_37' title='bbox 1917 861 1989 914; x_wconf 91' lang='lat' dir='ltr'>ad</span> <span class='ocrx_word' id='word_1_38' title='bbox 2034 862 2248 930; x_wconf 89' lang='lat' dir='ltr'>baptis-</span> 
     </span>
     <span class='ocr_line' id='line_1_7' title="bbox 614 947 2250 1014; baseline 0.001 -15"><span class='ocrx_word' id='word_1_39' title='bbox 614 964 771 999; x_wconf 90' lang='lat' dir='ltr'>mum</span> <span class='ocrx_word' id='word_1_40' title='bbox 836 947 1235 1014; x_wconf 82' lang='lat' dir='ltr'>perducendiS,</span> <span class='ocrx_word' id='word_1_41' title='bbox 1313 955 1434 999; x_wconf 90' lang='lat' dir='ltr'>tum</span> <span class='ocrx_word' id='word_1_42' title='bbox 1509 965 1644 999; x_wconf 91' lang='lat' dir='ltr'>vero</span> <span class='ocrx_word' id='word_1_43' title='bbox 1718 947 2128 1001; x_wconf 84' lang='lat' dir='ltr'>exultationem</span> <span class='ocrx_word' id='word_1_44' title='bbox 2193 949 2250 1002; x_wconf 90' lang='lat' dir='ltr'>in</span> 
     </span>
    </p>
   </div>
   <div class='ocr_carea' id='block_1_3' title="bbox 612 1031 2249 1184">
    <p class='ocr_par' dir='ltr' id='par_1_3' title="bbox 612 1031 2249 1184">
     <span class='ocr_line' id='line_1_8' title="bbox 612 1031 2249 1099; baseline 0.003 -16"><span class='ocrx_word' id='word_1_45' title='bbox 612 1031 869 1093; x_wconf 85' lang='lat' dir='ltr'>victoria,</span> <span class='ocrx_word' id='word_1_46' title='bbox 910 1032 1230 1099; x_wconf 84' lang='lat' dir='ltr'>pugnisque</span> <span class='ocrx_word' id='word_1_47' title='bbox 1271 1032 1387 1084; x_wconf 91' lang='lat' dir='ltr'>suis</span> <span class='ocrx_word' id='word_1_48' title='bbox 1428 1032 1576 1084; x_wconf 88' lang='lat' dir='ltr'>inter</span> <span class='ocrx_word' id='word_1_49' title='bbox 1615 1050 1674 1084; x_wconf 92' lang='lat' dir='ltr'>se</span> <span class='ocrx_word' id='word_1_50' title='bbox 1709 1035 2249 1099; x_wconf 89' lang='lat' dir='ltr'>commemorandis,</span> 
     </span>
     <span class='ocr_line' id='line_1_9' title="bbox 615 1115 2248 1184; baseline 0.002 -17"><span class='ocrx_word' id='word_1_51' title='bbox 615 1115 739 1168; x_wconf 88' lang='lat' dir='ltr'>fusa</span> <span class='ocrx_word' id='word_1_52' title='bbox 767 1116 1180 1184; x_wconf 89' lang='lat' dir='ltr'>profligataque</span> <span class='ocrx_word' id='word_1_53' title='bbox 1221 1116 1626 1184; x_wconf 90' lang='lat' dir='ltr'>superstitione</span> <span class='ocrx_word' id='word_1_54' title='bbox 1655 1116 2046 1169; x_wconf 87' lang='lat' dir='ltr'>barbarorum.</span> <span class='ocrx_word' id='word_1_55' title='bbox 2116 1119 2248 1171; x_wconf 90' lang='lat' dir='ltr'>His-</span> 
     </span>
    </p>
   </div>
   <div class='ocr_carea' id='block_1_4' title="bbox 609 1202 2251 3193">
    <p class='ocr_par' dir='ltr' id='par_1_4' title="bbox 612 1202 2247 1357">
     <span class='ocr_line' id='line_1_10' title="bbox 613 1202 2247 1271; baseline 0.001 -16"><span class='ocrx_word' id='word_1_56' title='bbox 613 1220 678 1255; x_wconf 87' lang='lat' dir='ltr'>ce</span> <span class='ocrx_word' id='word_1_57' title='bbox 723 1222 828 1271; x_wconf 91' lang='lat' dir='ltr'>ego</span> <span class='ocrx_word' id='word_1_58' title='bbox 875 1204 1042 1254; x_wconf 92' lang='lat' dir='ltr'>rebus</span> <span class='ocrx_word' id='word_1_59' title='bbox 1103 1211 1266 1254; x_wconf 92' lang='lat' dir='ltr'>tanta</span> <span class='ocrx_word' id='word_1_60' title='bbox 1328 1203 1504 1254; x_wconf 91' lang='lat' dir='ltr'>animi</span> <span class='ocrx_word' id='word_1_61' title='bbox 1550 1202 1842 1271; x_wconf 91' lang='lat' dir='ltr'>voluptate</span> <span class='ocrx_word' id='word_1_62' title='bbox 1896 1203 2247 1258; x_wconf 89' lang='lat' dir='ltr'>circumflue-</span> 
     </span>
     <span class='ocr_line' id='line_1_11' title="bbox 612 1288 2243 1357; baseline 0.002 -17"><span class='ocrx_word' id='word_1_63' title='bbox 612 1288 764 1351; x_wconf 91' lang='lat' dir='ltr'>bam,</span> <span class='ocrx_word' id='word_1_64' title='bbox 811 1306 937 1357; x_wconf 87' lang='lat' dir='ltr'>quae</span> <span class='ocrx_word' id='word_1_65' title='bbox 980 1305 1212 1340; x_wconf 89' lang='lat' dir='ltr'>omnem</span> <span class='ocrx_word' id='word_1_66' title='bbox 1257 1306 1641 1341; x_wconf 80' lang='lat' dir='ltr'>aerumnarum</span> <span class='ocrx_word' id='word_1_67' title='bbox 1689 1306 1918 1342; x_wconf 89' lang='lat' dir='ltr'>sensum</span> <span class='ocrx_word' id='word_1_68' title='bbox 1962 1291 2243 1345; x_wconf 90' lang='lat' dir='ltr'>obrueret.</span> 
     </span>
    </p>

    <p class='ocr_par' dir='ltr' id='par_1_5' title="bbox 609 1374 2251 3014">
     <span class='ocr_line' id='line_1_12' title="bbox 690 1374 2250 1447; baseline 0.002 -18"><span class='ocrx_word' id='word_1_69' title='bbox 690 1375 948 1438; x_wconf 90' lang='lat' dir='ltr'>Utinam,</span> <span class='ocrx_word' id='word_1_70' title='bbox 997 1381 1058 1427; x_wconf 92' lang='lat' dir='ltr'>ut</span> <span class='ocrx_word' id='word_1_71' title='bbox 1110 1374 1232 1428; x_wconf 87' lang='lat' dir='ltr'>haec</span> <span class='ocrx_word' id='word_1_72' title='bbox 1285 1375 1489 1427; x_wconf 88' lang='lat' dir='ltr'>solatia</span> <span class='ocrx_word' id='word_1_73' title='bbox 1542 1375 1815 1438; x_wconf 88' lang='lat' dir='ltr'>coelestia,</span> <span class='ocrx_word' id='word_1_74' title='bbox 1871 1376 2035 1429; x_wconf 91' lang='lat' dir='ltr'>nobis</span> <span class='ocrx_word' id='word_1_75' title='bbox 2092 1380 2250 1447; x_wconf 88' lang='lat' dir='ltr'>(quae</span> 
     </span>
     <span class='ocr_line' id='line_1_13' title="bbox 614 1462 2250 1533; baseline 0.001 -17"><span class='ocrx_word' id='word_1_76' title='bbox 614 1464 808 1516; x_wconf 88' lang='lat' dir='ltr'>divina</span> <span class='ocrx_word' id='word_1_77' title='bbox 850 1463 1174 1531; x_wconf 85' lang='lat' dir='ltr'>benignitas</span> <span class='ocrx_word' id='word_1_78' title='bbox 1218 1466 1331 1525; x_wconf 91' lang='lat' dir='ltr'>est)</span> <span class='ocrx_word' id='word_1_79' title='bbox 1370 1463 1427 1513; x_wconf 93' lang='lat' dir='ltr'>in</span> <span class='ocrx_word' id='word_1_80' title='bbox 1467 1463 1670 1514; x_wconf 91' lang='lat' dir='ltr'>mediis</span> <span class='ocrx_word' id='word_1_81' title='bbox 1715 1462 2003 1516; x_wconf 85' lang='lat' dir='ltr'>laboribus</span> <span class='ocrx_word' id='word_1_82' title='bbox 2047 1464 2250 1533; x_wconf 90' lang='lat' dir='ltr'>imper-</span> 
     </span>
     <span class='ocr_line' id='line_1_14' title="bbox 614 1549 2251 1619; baseline 0.002 -18"><span class='ocrx_word' id='word_1_83' title='bbox 614 1550 737 1612; x_wconf 89' lang='lat' dir='ltr'>tita,</span> <span class='ocrx_word' id='word_1_84' title='bbox 793 1549 884 1601; x_wconf 93' lang='lat' dir='ltr'>hic</span> <span class='ocrx_word' id='word_1_85' title='bbox 938 1568 970 1601; x_wconf 93' lang='lat' dir='ltr'>a</span> <span class='ocrx_word' id='word_1_86' title='bbox 1024 1567 1114 1601; x_wconf 91' lang='lat' dir='ltr'>me</span> <span class='ocrx_word' id='word_1_87' title='bbox 1168 1557 1487 1611; x_wconf 89' lang='lat' dir='ltr'>narrantur,</span> <span class='ocrx_word' id='word_1_88' title='bbox 1554 1549 1633 1601; x_wconf 91' lang='lat' dir='ltr'>ita</span> <span class='ocrx_word' id='word_1_89' title='bbox 1697 1568 1893 1602; x_wconf 90' lang='lat' dir='ltr'>eorum</span> <span class='ocrx_word' id='word_1_90' title='bbox 1963 1551 2251 1619; x_wconf 88' lang='lat' dir='ltr'>specimen</span> 
     </span>
     <span class='ocr_line' id='line_1_15' title="bbox 614 1636 2249 1708; baseline 0.001 -18"><span class='ocrx_word' id='word_1_91' title='bbox 614 1638 844 1708; x_wconf 90' lang='lat' dir='ltr'>aliquod</span> <span class='ocrx_word' id='word_1_92' title='bbox 892 1655 1006 1690; x_wconf 93' lang='lat' dir='ltr'>non</span> <span class='ocrx_word' id='word_1_93' title='bbox 1055 1637 1227 1690; x_wconf 92' lang='lat' dir='ltr'>modo</span> <span class='ocrx_word' id='word_1_94' title='bbox 1275 1638 1347 1689; x_wconf 91' lang='lat' dir='ltr'>ad</span> <span class='ocrx_word' id='word_1_95' title='bbox 1391 1636 1758 1701; x_wconf 91' lang='lat' dir='ltr'>audiendum,</span> <span class='ocrx_word' id='word_1_96' title='bbox 1809 1638 1908 1690; x_wconf 93' lang='lat' dir='ltr'>sed</span> <span class='ocrx_word' id='word_1_97' title='bbox 1955 1637 2130 1691; x_wconf 87' lang='lat' dir='ltr'>etiam</span> <span class='ocrx_word' id='word_1_98' title='bbox 2177 1639 2249 1693; x_wconf 92' lang='lat' dir='ltr'>ad</span> 
     </span>
     <span class='ocr_line' id='line_1_16' title="bbox 614 1725 2249 1796; baseline 0 -17"><span class='ocrx_word' id='word_1_99' title='bbox 614 1727 963 1796; x_wconf 88' lang='lat' dir='ltr'>gustandum</span> <span class='ocrx_word' id='word_1_100' title='bbox 1008 1728 1256 1795; x_wconf 84' lang='lat' dir='ltr'>Europae</span> <span class='ocrx_word' id='word_1_101' title='bbox 1297 1725 1606 1778; x_wconf 84' lang='lat' dir='ltr'>academiis</span> <span class='ocrx_word' id='word_1_102' title='bbox 1647 1726 1798 1778; x_wconf 85' lang='lat' dir='ltr'>mitti</span> <span class='ocrx_word' id='word_1_103' title='bbox 1838 1727 2058 1794; x_wconf 85' lang='lat' dir='ltr'>posset!</span> <span class='ocrx_word' id='word_1_104' title='bbox 2106 1728 2249 1779; x_wconf 92' lang='lat' dir='ltr'>Isto-</span> 
     </span>
     <span class='ocr_line' id='line_1_17' title="bbox 612 1812 2249 1881; baseline 0 -16"><span class='ocrx_word' id='word_1_105' title='bbox 612 1830 738 1865; x_wconf 91' lang='lat' dir='ltr'>rum</span> <span class='ocrx_word' id='word_1_106' title='bbox 802 1812 1057 1881; x_wconf 88' lang='lat' dir='ltr'>profecto</span> <span class='ocrx_word' id='word_1_107' title='bbox 1123 1812 1508 1865; x_wconf 81' lang='lat' dir='ltr'>studiosorum</span> <span class='ocrx_word' id='word_1_108' title='bbox 1574 1812 2028 1865; x_wconf 88' lang='lat' dir='ltr'>adolescentium</span> <span class='ocrx_word' id='word_1_109' title='bbox 2097 1829 2249 1865; x_wconf 90' lang='lat' dir='ltr'>corn-</span> 
     </span>
     <span class='ocr_line' id='line_1_18' title="bbox 612 1898 2247 1966; baseline 0.002 -17"><span class='ocrx_word' id='word_1_110' title='bbox 612 1899 802 1966; x_wconf 90' lang='lat' dir='ltr'>plures</span> <span class='ocrx_word' id='word_1_111' title='bbox 855 1900 926 1950; x_wconf 93' lang='lat' dir='ltr'>ad</span> <span class='ocrx_word' id='word_1_112' title='bbox 980 1898 1341 1965; x_wconf 88' lang='lat' dir='ltr'>ethnicorum</span> <span class='ocrx_word' id='word_1_113' title='bbox 1406 1898 1837 1950; x_wconf 88' lang='lat' dir='ltr'>conversionem</span> <span class='ocrx_word' id='word_1_114' title='bbox 1900 1917 2031 1951; x_wconf 92' lang='lat' dir='ltr'>suas</span> <span class='ocrx_word' id='word_1_115' title='bbox 2085 1917 2247 1952; x_wconf 88' lang='lat' dir='ltr'>curas</span> 
     </span>
     <span class='ocr_line' id='line_1_19' title="bbox 614 1983 2248 2054; baseline 0.001 -17"><span class='ocrx_word' id='word_1_116' title='bbox 614 2004 814 2037; x_wconf 89' lang='lat' dir='ltr'>omnes</span> <span class='ocrx_word' id='word_1_117' title='bbox 860 2004 926 2037; x_wconf 91' lang='lat' dir='ltr'>ac</span> <span class='ocrx_word' id='word_1_118' title='bbox 973 1985 1162 2037; x_wconf 89' lang='lat' dir='ltr'>studia</span> <span class='ocrx_word' id='word_1_119' title='bbox 1213 1983 1554 2047; x_wconf 86' lang='lat' dir='ltr'>conferrent,</span> <span class='ocrx_word' id='word_1_120' title='bbox 1603 1984 1649 2036; x_wconf 92' lang='lat' dir='ltr'>si</span> <span class='ocrx_word' id='word_1_121' title='bbox 1697 1984 1873 2036; x_wconf 92' lang='lat' dir='ltr'>semel</span> <span class='ocrx_word' id='word_1_122' title='bbox 1920 1992 2248 2054; x_wconf 89' lang='lat' dir='ltr'>gustassent</span> 
     </span>
     <span class='ocr_line' id='line_1_20' title="bbox 612 2071 2246 2139; baseline 0 -14"><span class='ocrx_word' id='word_1_123' title='bbox 612 2073 862 2126; x_wconf 90' lang='lat' dir='ltr'>coelestis</span> <span class='ocrx_word' id='word_1_124' title='bbox 926 2072 1138 2124; x_wconf 80' lang='lat' dir='ltr'>laetitiae</span> <span class='ocrx_word' id='word_1_125' title='bbox 1206 2071 1576 2138; x_wconf 89' lang='lat' dir='ltr'>voluptatem,</span> <span class='ocrx_word' id='word_1_126' title='bbox 1644 2089 1770 2139; x_wconf 85' lang='lat' dir='ltr'>quae</span> <span class='ocrx_word' id='word_1_127' title='bbox 1837 2089 1903 2123; x_wconf 88' lang='lat' dir='ltr'>ex</span> <span class='ocrx_word' id='word_1_128' title='bbox 1967 2072 2246 2139; x_wconf 90' lang='lat' dir='ltr'>ejusmodi</span> 
     </span>
     <span class='ocr_line' id='line_1_21' title="bbox 611 2156 2248 2227; baseline -0.001 -16"><span class='ocrx_word' id='word_1_129' title='bbox 611 2158 900 2211; x_wconf 91' lang='lat' dir='ltr'>laboribus</span> <span class='ocrx_word' id='word_1_130' title='bbox 940 2165 1152 2210; x_wconf 88' lang='lat' dir='ltr'>manat.</span> <span class='ocrx_word' id='word_1_131' title='bbox 1222 2157 1388 2227; x_wconf 72' lang='lat' dir='ltr'>Quod</span> <span class='ocrx_word' id='word_1_132' title='bbox 1418 2156 1464 2209; x_wconf 90' lang='lat' dir='ltr'>si</span> <span class='ocrx_word' id='word_1_133' title='bbox 1492 2156 1659 2225; x_wconf 87' lang='lat' dir='ltr'>vulgo</span> <span class='ocrx_word' id='word_1_134' title='bbox 1700 2156 2057 2225; x_wconf 80' lang='lat' dir='ltr'>exploratum</span> <span class='ocrx_word' id='word_1_135' title='bbox 2099 2164 2248 2210; x_wconf 89' lang='lat' dir='ltr'>esset</span> 
     </span>
     <span class='ocr_line' id='line_1_22' title="bbox 612 2244 2246 2316; baseline -0.001 -17"><span class='ocrx_word' id='word_1_136' title='bbox 612 2253 783 2316; x_wconf 89' lang='lat' dir='ltr'>atque</span> <span class='ocrx_word' id='word_1_137' title='bbox 863 2252 1225 2315; x_wconf 89' lang='lat' dir='ltr'>perspectum</span> <span class='ocrx_word' id='word_1_138' title='bbox 1294 2262 1465 2314; x_wconf 89' lang='lat' dir='ltr'>quam</span> <span class='ocrx_word' id='word_1_139' title='bbox 1532 2244 1714 2313; x_wconf 92' lang='lat' dir='ltr'>parati</span> <span class='ocrx_word' id='word_1_140' title='bbox 1782 2244 1894 2297; x_wconf 90' lang='lat' dir='ltr'>sint</span> <span class='ocrx_word' id='word_1_141' title='bbox 1958 2246 2246 2316; x_wconf 90' lang='lat' dir='ltr'>Japonum</span> 
     </span>
     <span class='ocr_line' id='line_1_23' title="bbox 611 2331 2248 2401; baseline 0.001 -16"><span class='ocrx_word' id='word_1_142' title='bbox 611 2333 786 2386; x_wconf 90' lang='lat' dir='ltr'>animi</span> <span class='ocrx_word' id='word_1_143' title='bbox 833 2334 904 2385; x_wconf 91' lang='lat' dir='ltr'>ad</span> <span class='ocrx_word' id='word_1_144' title='bbox 961 2332 1337 2401; x_wconf 86' lang='lat' dir='ltr'>Evangelium</span> <span class='ocrx_word' id='word_1_145' title='bbox 1393 2331 1810 2400; x_wconf 90' lang='lat' dir='ltr'>accipiendum,</span> <span class='ocrx_word' id='word_1_146' title='bbox 1867 2331 2137 2385; x_wconf 90' lang='lat' dir='ltr'>nimirum</span> <span class='ocrx_word' id='word_1_147' title='bbox 2193 2340 2248 2386; x_wconf 90' lang='lat' dir='ltr'>et</span> 
     </span>
     <span class='ocr_line' id='line_1_24' title="bbox 610 2419 2244 2489; baseline 0.001 -17"><span class='ocrx_word' id='word_1_148' title='bbox 610 2421 713 2473; x_wconf 90' lang='lat' dir='ltr'>viri</span> <span class='ocrx_word' id='word_1_149' title='bbox 754 2421 907 2474; x_wconf 92' lang='lat' dir='ltr'>docti</span> <span class='ocrx_word' id='word_1_150' title='bbox 948 2419 1214 2489; x_wconf 88' lang='lat' dir='ltr'>permulti</span> <span class='ocrx_word' id='word_1_151' title='bbox 1257 2420 1372 2471; x_wconf 90' lang='lat' dir='ltr'>suis</span> <span class='ocrx_word' id='word_1_152' title='bbox 1406 2419 1609 2472; x_wconf 89' lang='lat' dir='ltr'>studiis</span> <span class='ocrx_word' id='word_1_153' title='bbox 1650 2420 1821 2472; x_wconf 89' lang='lat' dir='ltr'>finem</span> <span class='ocrx_word' id='word_1_154' title='bbox 1863 2420 2244 2488; x_wconf 86' lang='lat' dir='ltr'>imponerent,</span> 
     </span>
     <span class='ocr_line' id='line_1_25' title="bbox 611 2507 2247 2576; baseline 0 -15"><span class='ocrx_word' id='word_1_155' title='bbox 611 2516 667 2561; x_wconf 89' lang='lat' dir='ltr'>et</span> <span class='ocrx_word' id='word_1_156' title='bbox 734 2508 1011 2571; x_wconf 90' lang='lat' dir='ltr'>canonici,</span> <span class='ocrx_word' id='word_1_157' title='bbox 1088 2508 1430 2570; x_wconf 82' lang='lat' dir='ltr'>sacerdoteS,</span> <span class='ocrx_word' id='word_1_158' title='bbox 1498 2507 1718 2576; x_wconf 89' lang='lat' dir='ltr'>ipsique</span> <span class='ocrx_word' id='word_1_159' title='bbox 1793 2507 2080 2560; x_wconf 90' lang='lat' dir='ltr'>antistites</span> <span class='ocrx_word' id='word_1_160' title='bbox 2145 2527 2247 2561; x_wconf 92' lang='lat' dir='ltr'>sua</span> 
     </span>
     <span class='ocr_line' id='line_1_26' title="bbox 612 2594 2246 2664; baseline 0.001 -16"><span class='ocrx_word' id='word_1_161' title='bbox 612 2595 873 2664; x_wconf 90' lang='lat' dir='ltr'>quamvis</span> <span class='ocrx_word' id='word_1_162' title='bbox 917 2594 1106 2662; x_wconf 89' lang='lat' dir='ltr'>ampla</span> <span class='ocrx_word' id='word_1_163' title='bbox 1146 2602 1201 2647; x_wconf 93' lang='lat' dir='ltr'>et</span> <span class='ocrx_word' id='word_1_164' title='bbox 1244 2594 1436 2661; x_wconf 91' lang='lat' dir='ltr'>opima</span> <span class='ocrx_word' id='word_1_165' title='bbox 1477 2594 1798 2647; x_wconf 90' lang='lat' dir='ltr'>sacerdotia</span> <span class='ocrx_word' id='word_1_166' title='bbox 1841 2594 2246 2664; x_wconf 89' lang='lat' dir='ltr'>relinquerent,</span> 
     </span>
     <span class='ocr_line' id='line_1_27' title="bbox 612 2680 2249 2736; baseline 0.001 -1"><span class='ocrx_word' id='word_1_167' title='bbox 612 2690 672 2736; x_wconf 93' lang='lat' dir='ltr'>ut</span> <span class='ocrx_word' id='word_1_168' title='bbox 702 2681 966 2735; x_wconf 88' lang='lat' dir='ltr'>acerbam</span> <span class='ocrx_word' id='word_1_169' title='bbox 1008 2681 1187 2734; x_wconf 92' lang='lat' dir='ltr'>vitam</span> <span class='ocrx_word' id='word_1_170' title='bbox 1216 2699 1282 2734; x_wconf 93' lang='lat' dir='ltr'>ac</span> <span class='ocrx_word' id='word_1_171' title='bbox 1314 2680 1614 2734; x_wconf 87' lang='lat' dir='ltr'>molestam</span> <span class='ocrx_word' id='word_1_172' title='bbox 1656 2688 2080 2736; x_wconf 89' lang='lat' dir='ltr'>commutarent</span> <span class='ocrx_word' id='word_1_173' title='bbox 2119 2700 2249 2736; x_wconf 92' lang='lat' dir='ltr'>cum</span> 
     </span>
     <span class='ocr_line' id='line_1_28' title="bbox 610 2768 2250 2839; baseline 0.001 -17"><span class='ocrx_word' id='word_1_174' title='bbox 610 2788 740 2823; x_wconf 92' lang='lat' dir='ltr'>vere</span> <span class='ocrx_word' id='word_1_175' title='bbox 781 2769 1037 2838; x_wconf 90' lang='lat' dir='ltr'>jucunda</span> <span class='ocrx_word' id='word_1_176' title='bbox 1083 2787 1149 2821; x_wconf 93' lang='lat' dir='ltr'>ac</span> <span class='ocrx_word' id='word_1_177' title='bbox 1193 2768 1379 2830; x_wconf 85' lang='lat' dir='ltr'>suavi;</span> <span class='ocrx_word' id='word_1_178' title='bbox 1442 2775 1613 2836; x_wconf 92' lang='lat' dir='ltr'>atque</span> <span class='ocrx_word' id='word_1_179' title='bbox 1659 2768 1781 2836; x_wconf 88' lang='lat' dir='ltr'>ejus</span> <span class='ocrx_word' id='word_1_180' title='bbox 1828 2769 2250 2839; x_wconf 87' lang='lat' dir='ltr'>consequendae</span> 
     </span>
     <span class='ocr_line' id='line_1_29' title="bbox 609 2842 2249 2928; baseline 0.001 -20"><span class='ocrx_word' id='word_1_181' title='bbox 609 2857 793 2926; x_wconf 89' lang='lat' dir='ltr'>gratia</span> <span class='ocrx_word' id='word_1_182' title='bbox 829 2842 1302 2925; x_wconf 72' lang='lat' dir='ltr'>¹haudquaquam</span> <span class='ocrx_word' id='word_1_183' title='bbox 1366 2863 1738 2925; x_wconf 89' lang='lat' dir='ltr'>gravarentur</span> <span class='ocrx_word' id='word_1_184' title='bbox 1802 2856 1858 2908; x_wconf 92' lang='lat' dir='ltr'>in</span> <span class='ocrx_word' id='word_1_185' title='bbox 1937 2857 2249 2928; x_wconf 89' lang='lat' dir='ltr'>Japoniam</span> 
     </span>
     <span class='ocr_line' id='line_1_30' title="bbox 612 2945 1107 3014; baseline -0.004 -16"><span class='ocrx_word' id='word_1_186' title='bbox 612 2963 791 3014; x_wconf 84' lang='lat' dir='ltr'>usque</span> <span class='ocrx_word' id='word_1_187' title='bbox 820 2945 1107 3014; x_wconf 89' lang='lat' dir='ltr'>navigare.</span> 
     </span>
    </p>

    <p class='ocr_par' dir='ltr' id='par_1_6' title="bbox 610 3032 2249 3193">
     <span class='ocr_line' id='line_1_31' title="bbox 685 3032 2249 3104; baseline 0.001 -19"><span class='ocrx_word' id='word_1_188' title='bbox 685 3033 969 3103; x_wconf 73' lang='lat' dir='ltr'>Quoniam</span> <span class='ocrx_word' id='word_1_189' title='bbox 1033 3032 1313 3086; x_wconf 87' lang='lat' dir='ltr'>Cocinum</span> <span class='ocrx_word' id='word_1_190' title='bbox 1355 3033 1518 3102; x_wconf 85' lang='lat' dir='ltr'>attigi</span> <span class='ocrx_word' id='word_1_191' title='bbox 1560 3052 1628 3086; x_wconf 93' lang='lat' dir='ltr'>eo</span> <span class='ocrx_word' id='word_1_192' title='bbox 1669 3034 1794 3103; x_wconf 90' lang='lat' dir='ltr'>ipso</span> <span class='ocrx_word' id='word_1_193' title='bbox 1834 3042 2095 3103; x_wconf 90' lang='lat' dir='ltr'>tempore</span> <span class='ocrx_word' id='word_1_194' title='bbox 2136 3052 2249 3104; x_wconf 91' lang='lat' dir='ltr'>quo</span> 
     </span>
     <span class='ocr_line' id='line_1_32' title="bbox 610 3120 2242 3193; baseline -0.001 -16"><span class='ocrx_word' id='word_1_195' title='bbox 610 3140 784 3178; x_wconf 87' lang='lat' dir='ltr'>naves</span> <span class='ocrx_word' id='word_1_196' title='bbox 848 3120 1261 3193; x_wconf 88' lang='lat' dir='ltr'>profectionem</span> <span class='ocrx_word' id='word_1_197' title='bbox 1320 3121 1618 3190; x_wconf 88' lang='lat' dir='ltr'>parabant,</span> <span class='ocrx_word' id='word_1_198' title='bbox 1676 3121 1992 3177; x_wconf 89' lang='lat' dir='ltr'>amicorum</span> <span class='ocrx_word' id='word_1_199' title='bbox 2052 3129 2242 3177; x_wconf 87' lang='lat' dir='ltr'>autem</span> 
     </span>
    </p>
   </div>
   <div class='ocr_carea' id='block_1_5' title="bbox 0 3341 2644 3748">
    <p class='ocr_par' dir='ltr' id='par_1_7' title="bbox 0 3341 2644 3748">
     <span class='ocr_line' id='line_1_33' title="bbox 0 3341 2644 3748; baseline 0 6"><span class='ocrx_word' id='word_1_200' title='bbox 0 3341 2644 3748; x_wconf 95' lang='lat' dir='ltr'> </span> 
     </span>
    </p>
   </div>
   <div class='ocr_carea' id='block_1_6' title="bbox 2300 0 2644 404">
    <p class='ocr_par' dir='ltr' id='par_1_8' title="bbox 2300 0 2644 404">
     <span class='ocr_line' id='line_1_34' title="bbox 2300 0 2644 404; baseline 0 3350"><span class='ocrx_word' id='word_1_201' title='bbox 2300 0 2644 404; x_wconf 95' lang='lat' dir='ltr'> </span> 
     </span>
    </p>
   </div>
  </div>
 </body>
</html>
