2665 3754
718 327 824 393 376
1093 339 1276 377 LIBER
1317 339 1390 377 IX.
1414 354 1486 361 —
1506 339 1798 377 EPISTOLA
1842 339 1970 376 VIII.

1165 547 1389 609 EPJS
1399 546 1650 609 TOLA
1718 548 1909 632 ΠΗ.

1200 774 1477 850 Jacobo
1526 774 1860 836 Pereriae.

787 962 1058 1013 Hortatur
1094 966 1152 1012 ut
1189 960 1247 1012 in
1286 960 1514 1013 adversis
1554 961 1623 1012 ad
1663 961 1835 1012 Deum
1869 961 2158 1030 perfugiat,
2202 966 2248 1014 et
2288 963 2346 1015 de

715 1045 948 1100 inimicis
989 1046 1106 1099 bene
1143 1050 1420 1098 mereatur.
2321 1052 2326 1056 '

790 1191 991 1247 Gratia
1039 1199 1095 1246 et
1142 1190 1392 1246 charitas
1440 1191 1676 1245 Domini
1724 1191 1903 1246 nostri
1946 1193 2083 1262 Jesu
2132 1192 2345 1248 Christi

718 1278 830 1332 sint
877 1296 1102 1347 semper
1148 1277 1205 1330 in
1252 1277 1462 1331 nostris
1508 1277 1826 1331 animabus,
1905 1280 2108 1332 Amen.

729 1420 1157 1561 hliAGNUM
1220 1424 1301 1476 tui
1359 1424 1722 1488 desiderium,
1783 1426 1935 1494 quod
1995 1443 2063 1477 ex
2117 1424 2346 1478 assidua

941 1511 1023 1566 tui
1061 1511 1337 1565 memoria
1373 1510 1555 1581 capio,
1591 1511 1982 1565 incredibilem
2022 1511 2161 1565 mihi
2198 1511 2344 1565 solli-

714 1598 1025 1652 citudinem
1064 1597 1232 1667 parit,
1274 1599 1427 1667 quod
1467 1606 1524 1652 te
1564 1598 1621 1651 in
1662 1606 1812 1652 terra
1852 1618 2015 1668 paene
2055 1598 2340 1668 pestilenti

714 1686 1055 1754 reliquerim.
1136 1685 1249 1737 Hic
1282 1685 1340 1737 in
1372 1693 1470 1738 tua
1504 1686 1632 1737 navi
1666 1686 2012 1754 perbenigne
2034 1694 2145 1748 ,tuo
2177 1687 2343 1739 bene-

712 1771 843 1824 ficio
871 1779 1103 1834 tractor,
1133 1770 1385 1839 mihique
1418 1789 1484 1824 ac
1519 1771 1661 1823 meis
1695 1771 1999 1824 comitibus
2032 1789 2121 1824 res
2154 1789 2344 1825 neces-

715 1857 877 1911 sariae
918 1857 1381 1925 suppeditantur;
1425 1857 1531 1910 etsi
1572 1856 1811 1909 comites
1848 1857 2078 1924 quidem
2118 1857 2228 1909 mei
2268 1857 2347 1909 ita

718 1943 852 2013 aegri
899 1952 1050 2007 sunt,
1104 1952 1166 1997 ut
1214 1943 1468 2013 quotidie
1521 1943 1753 1995 morbus
1805 1943 2182 2012 ingravescat,
2231 1960 2345 1996 non

717 2029 840 2084 sine
888 2029 1137 2083 maxima
1183 2048 1311 2083 mea
1358 2029 1636 2084 molestia.
1718 2030 1843 2083 Deo
1889 2028 2097 2098 ubique
2143 2028 2342 2098 gratia,

719 2117 776 2169 in
805 2117 949 2170 coelo
976 2126 1031 2169 et
1065 2117 1123 2168 in
1151 2125 1319 2181 terra,
1361 2117 1486 2186 (qui
1513 2117 1617 2169 tibi
1646 2117 1871 2187 tuisque
1899 2117 2048 2169 hanc
2078 2135 2344 2187 magnam

717 2204 1136 2257 humanitatem
1175 2205 1468 2272 rependat,
1505 2222 1632 2272 quae
1671 2203 1808 2255 mihi
1851 2204 1908 2255 in
1945 2211 2043 2257 tua
2081 2204 2215 2257 navi*
2250 2203 2343 2257 tri-

719 2291 959 2356 buitur.)

792 2379 962 2442 Cura,
1011 2396 1206 2447 quaeso
1251 2386 1309 2431 te
1352 2377 1524 2431 etiam
1572 2385 1742 2446 atque
1789 2378 1981 2440 etiam,
2030 2386 2091 2432 ut
2137 2377 2342 2440 valeaS,

717 2474 773 2518 et
812 2466 1034 2518 ratione
1074 2474 1246 2535 atque
1285 2466 1587 2535 prudentia
1626 2466 1900 2535 paulatim
1942 2466 2192 2535 acceptis
2230 2464 2343 2516 vul·

720 2553 949 2606 neribus
997 2552 1294 2615 medeariS.

794 2639 940 2703 Illud
988 2639 1090 2692 abs
1137 2647 1194 2693 te
1241 2638 1610 2693 vehementer
1658 2647 1811 2709 pet0‚
1863 2647 1923 2693 ut
1975 2656 2125 2693 nunc
2174 2654 2344 2708 quam

715 2726 1035 2781 arctissime
1093 2726 1490 2795 complectaris
1546 2728 1752 2791 Deum,
1812 2726 1907 2796 qui
1963 2734 2081 2780 tam
2138 2722 2345 2780 difficili

714 2822 973 2885 tempore
1027 2814 1412 2869 calamitatem
1467 2814 1720 2869 sublevet
1778 2833 1844 2869 ac
1900 2815 2114 2869 soletur
2165 2822 2342 2869 tuam.

717 2903 785 2957 Id
838 2903 982 2957 adeo
1035 2920 1401 2972 consequere,
1459 2903 1503 2956 si
1558 2902 1807 2956 crebrius
1859 2900 2252 2957 confessionis,
2290 2905 2343 2953 et

713 2990 1092 3044 Eucharistiae
1130 2991 1517 3061 frequentabis
1558 2992 1845 3061 mysteria,
1887 3000 2057 3061 teque
2097 2992 2169 3043 ad
2208 2988 2342 3042 divi-

713 3096 846 3130 nam
883 3079 1236 3132 voluntatem
1276 3079 1503 3147 penitus
1541 3079 1944 3130 conformabiS.
1990 3080 2189 3132 Patres
2225 3077 2342 3131 Ma-
