2649 3754
616 322 719 388 136
1010 334 1193 372 LIBER
1231 332 1742 371 V11.-—EPISTOLA
1780 332 1834 369 v.

616 467 848 534 (Sakai)
926 468 1077 538 quod
1159 461 1243 522 est
1326 468 1588 537 princeps
1668 467 1983 536 emporium
2062 465 2238 522 totius

610 999 1020 1060 permutentur,
1052 991 1363 1043 constituto
1392 992 1601 1042 ibidem
1639 992 1889 1059 portorio
1918 1001 1973 1042 et
2003 993 2239 1063 scriptu-

610 554 890 627 Japoniae‚
921 555 1124 608 domus
1163 554 1384 623 publice
1425 555 1742 624 assignetur
1780 556 2238 623 procuratoribus
2598 556 2621 608 f

39 646 92 709 f
614 643 759 712 regis
790 643 1122 705 Lusitaniae,
1163 663 1291 694 cum
1331 644 1625 711 apothecis
1663 644 1933 694 mercium
1966 646 2236 713 Europae-

39 723 94 797 ὲ·ἷῖ
611 749 790 794 arum,
846 749 971 799 quae
1025 749 1153 783 cum
1208 749 1344 783 auro
1398 739 1745 800 argentoque
1797 730 2233 799 probatissimis,
2606 750 2631 786 r

613 835 853 888 quorum
907 817 1035 870 illuc
1095 817 1450 870 metallorum
1509 837 1538 870 e
1590 817 1798 870 fodinis
1850 817 2017 885 hujus
2069 825 2233 871 terrae

37 914 93 963 ’κ
612 904 909 959 uberrimis
962 922 1169 973 magna
1219 904 1303 957 vis
1356 905 1711 974 importatur,
1765 904 1976 973 grandi,
2017 912 2238 973 quaestu
2614 916 2635 959 t

43 1030 57 1074 'l

44 1091 87 1151 332¹
611 1098 690 1142 ra,
721 1078 935 1146 ingenti
964 1078 1158 1146 utique
1201 1080 1542 1147 compendio
1570 1080 1691 1131 fisci
1729 1079 1874 1147 regis
1906 1079 2239 1131 Lusitanici.

41 1170 97 1217 ἐξ
682 1167 909 1234 Absque
962 1166 1070 1217 hac
1122 1167 1346 1233 objecta
1400 1184 1516 1233 spe,
1572 1166 1717 1218 male
1786 1173 1977 1217 metuo
2035 1169 2235 1233 (quam

49 1230 62 1331 l
604 1251 805 1306 vellem
844 1269 1051 1306 vanam
1091 1251 1239 1305 hanc
1281 1270 1467 1305 meam
1508 1259 1563 1305 et
1605 1250 1803 1304 falsam
1852 1251 2232 1320 suspicionem

611 1338 816 1401 essel),
858 1338 1037 1400 valde,
1088 1338 1340 1406 inquam,
1388 1358 1585 1390 vereor
1630 1347 1690 1390 ut
1738 1340 2096 1390 adducantur
2141 1339 2236 1406 qui

608 1424 790 1493 regias
831 1424 957 1476 istic
1004 1424 1278 1476 utilitates
1319 1434 1536 1487 curant,
1579 1426 1651 1476 ad
1691 1426 2102 1494 expediendam
2141 1427 2235 1496 Ja-

606 1531 816 1583 ponem
843 1531 1038 1563 versus
1083 1531 1286 1563 navem
1331 1531 1598 1580 magnam
1642 1513 1788 1580 regis
1833 1513 2082 1575 nomine,
2128 1530 2241 1565 una

606 1599 830 1667 proprie
884 1600 953 1650 de
1006 1616 1178 1650 causa
1238 1599 1729 1665 importandorum
1784 1616 1850 1650 eo
1902 1598 2239 1664 praedicato-

608 1702 732 1738 rum
789 1683 1104 1752 Evangelii.
1183 1685 1305 1736 Nos
1357 1702 1524 1752 porro
1578 1684 1951 1753 gaudebimus
2002 1682 2091 1736 vel
2142 1701 2242 1752 per

49 1778 99 1833 2255
609 1772 971 1824 occasionem
1027 1770 1320 1823 Christum
1368 1771 1711 1832 annuntiari,
1760 1771 1933 1822 etiam
1982 1770 2040 1821 in
2086 1770 2241 1823 lucro

610 1855 849 1925 posituri
912 1856 1064 1924 quod
1118 1855 1319 1907 saltem
1373 1856 1432 1906 in
1486 1856 1804 1908 accessorio
1855 1863 2095 1909 terrenae
2149 1873 2242 1924 pe-

613 1942 796 1996 cuniae
844 1960 1080 2011 regnum
1128 1943 1358 1996 coeleste
1401 1951 1780 2012 computetur,
1833 1943 2108 1997 ministris
2152 1942 2244 1998 hic

615 2029 948 2084 necessariis
1014 2029 1210 2083 salutis
1275 2030 1593 2083 animarum
1673 2038 1816 2094 tut0,
1872 2031 1966 2083 ubi
2021 2038 2244 2087 matura

617 2117 819 2170 messis
870 2124 1055 2180 vocat,
1111 2117 1444 2170 invehendis
1497 2118 1722 2186 navigio
1775 2118 2061 2186 praecipue
2122 2119 2244 2171 des-

614 2204 800 2258 tinato
828 2205 900 2257 ad
929 2204 1397 2257 constitutionem
1426 2203 1661 2256 humani
1690 2204 2035 2257 commercii.
2092 2204 2243 2273 Quin

616 2292 661 2344 si
704 2291 856 2344 haud
902 2309 1083 2360 prona
1128 2291 1255 2344 istic
1301 2309 1389 2344 res
1433 2300 1599 2355 esset,
1645 2309 1747 2360 pro
1789 2292 2055 2360 praesenti
2102 2291 2245 2345 forte

620 2379 799 2431 Indiae
853 2387 1023 2441 statU,
1080 2379 1229 2431 mitti
1281 2379 1529 2448 legatum
1577 2398 1643 2431 ac
1697 2398 1900 2431 navem
1953 2379 2100 2448 regis
2146 2387 2243 2431 aut

52 2450 97 2541 ¹
617 2467 869 2535 proregis
935 2467 1184 2529 nomine,
1239 2474 1432 2534 posset
1485 2474 1694 2534 praetor
1747 2467 1816 2518 de
1869 2484 2100 2519 suorum
2154 2485 2243 2519 co-

617 2560 920 2621 gnatorum
974 2561 1069 2605 aut
1124 2553 1570 2604 necessariorum
1629 2553 1818 2622 aliquo
1875 2551 2245 2618 benemereri,

620 2641 988 2694 concedenda
1041 2641 1171 2693 huic
1223 2640 1506 2709 legatione
1560 2640 1735 2692 libera
1782 2659 1911 2693 cum
1956 2641 2248 2710 privilegio

615 2727 867 2797 japonici
936 2727 1289 2780 mercimonii
1359 2726 1847 2795 quaestuosissimi.
1929 2727 2041 2781 Hic
2095 2746 2245 2791 vem,

620 2815 726 2867 nisi
767 2814 943 2876 fallor,
985 2814 1328 2882 perlibenter
1356 2822 1585 2882 sumptu
1625 2814 1846 2882 privato
1875 2815 2087 2866 bonam
2117 2834 2245 2867 one-

620 2901 827 2954 rariam
896 2910 1141 2952 armaret
1195 2902 1251 2951 in
1304 2902 1475 2952 istum
1545 2920 1791 2965 cursum,
1847 2903 1997 2954 unde
2059 2903 2246 2955 verisi-

622 2989 854 3041 millime
894 3007 959 3041 ac
1001 2989 1160 3058 quasi
1201 2996 1356 3041 certo
1407 2997 1758 3057 exspectaret
1799 2988 2247 3048 emolumentum

625 3077 857 3136 omnino
887 3076 1216 3137 maximum·
