2639 3798
648 513 832 566 LIBER
871 517 951 554 VI.
974 532 1045 539 ——
1066 515 1356 555 EPISTOLA
1393 517 1521 555 vm.

706 733 774 791 E
776 731 930 792 PIS
940 731 1003 790 T
1006 730 1189 792 OLA
1258 730 1454 792 VIII.

491 965 760 1043 Joanni
809 965 940 1026 111.
992 966 1177 1043 Regi
1226 965 1655 1028 Lusitaniae.

338 1191 565 1242 Duartis
625 1190 843 1241 Barreti
904 1189 1042 1257 regii
1094 1187 1451 1260 procuratoris
1516 1186 1781 1242 industria
1843 1192 1891 1241 et

257 1277 389 1347 fides
399 1298 419 1337 ;
472 1275 738 1347 qualesque
781 1295 963 1347 regum
1006 1276 1270 1330 ministros
1315 1294 1413 1330 esse
1457 1280 1682 1346 oporteat
1690 1294 1712 1338 ,·
1754 1282 1886 1346 prce-

257 1365 517 1435 fecturam
581 1366 645 1418 M
647 1365 929 1419 alacensem
994 1383 1098 1416 non
1163 1383 1260 1416 esse
1325 1362 1529 1416 Duarti
1594 1362 1654 1414 in
1723 1361 1888 1415 locum

267 1451 509 1505 mercedis
558 1452 937 1522 imputandam.

440 1627 719 1667 UONIAM
787 1611 954 1682 regiis
1006 1612 1174 1665 istinc
1225 1610 1413 1663 missis
1478 1610 1680 1676 litteris
1719 1610 1887 1680 jussi-

279 1609 411 1778 Ω
461 1699 533 1754 sti
601 1718 709 1764 me,
778 1699 1024 1764 domine,
1092 1699 1303 1769 scripto
1368 1698 1572 1752 referre
1637 1699 1710 1752 ad
1772 1716 1888 1751 ma—

263 1785 531 1854 jestatem
583 1794 739 1840 tuam
793 1787 863 1839 de
915 1785 986 1839 iis
1038 1785 1133 1854 qui
1184 1804 1284 1854 per
1334 1784 1438 1840 hos
1489 1792 1705 1841 tractus
1757 1776 1886 1852 curn

268 1874 378 1925 fide
440 1892 507 1925 ac
570 1873 859 1942 diligentia
923 1872 1229 1925 commisso
1291 1891 1325 1924 a
1376 1881 1432 1925 te
1483 1870 1589 1925 sibi
1654 1889 1887 1925 munere

267 1959 592 2029 funguntur,
658 1961 739 2012 sic
801 1959 967 2011 velim
1032 1958 1271 2010 habeas:
1342 1959 1618 2010 Duartem
1687 1958 1885 2010 Barre-

267 2052 409 2110 tum,
476 2046 572 2116 qui
639 2046 867 2116 negotia
936 2045 1093 2115 regni
1163 2045 1246 2099 tui
1315 2062 1495 2115 nuper
1560 2044 1885 2115 procuravit

272 2131 524 2197 Malacae,
593 2131 731 2185 nihil
796 2132 853 2185 in
919 2151 985 2185 ea
1051 2131 1341 2186 functione
1407 2131 1666 2185 omisisse
1732 2133 1885 2201 quod

269 2218 340 2271 ab
409 2218 639 2272 homine
707 2236 909 2288 gnavo,
981 2218 1278 2282 industrio,
1348 2219 1499 2271 fideli
1568 2217 1884 2288 exspectari

269 2314 477 2374 posset.
557 2308 647 2360 Ita
705 2306 856 2359 enim
908 2306 1196 2375 prospexit
1248 2306 1562 2360 rationibus
1613 2305 1752 2370 fisci,
1806 2306 1886 2361 ita

271 2390 716 2459 negotiatoribus
785 2390 943 2454 favit,
1010 2392 1135 2459 jure
1192 2392 1312 2444 sine
1380 2408 1750 2460 personarum
1802 2409 1884 2445 re-

271 2484 467 2547 spectu
508 2495 576 2530 ex
618 2495 781 2547 aequo
823 2477 1084 2541 dicend0,
1113 2477 1192 2532 ita
1237 2477 1480 2547 denique
1522 2477 1580 2530 in
1622 2476 1887 2532 omnibus

270 2580 329 2618 se
379 2565 571 2634 gessit,
623 2572 685 2618 ut
737 2566 859 2634 ejus
910 2566 1016 2619 iste
1067 2565 1431 2633 magistratus
1480 2564 1683 2618 honori
1735 2566 1886 2635 apud

271 2650 372 2704 has
413 2658 612 2721 gentes
654 2651 941 2720 majestati
988 2660 1101 2705 tuae
1150 2651 1333 2715 fuerit,
1383 2652 1592 2721 quippe
1639 2669 1769 2705 cum
1819 2670 1887 2706 ex

271 2737 378 2793 hoc
405 2738 715 2808 specimine
751 2739 1075 2808 judicantes
1110 2739 1371 2790 homines
1396 2738 1564 2808 vulgo
1591 2740 1887 2792 crederent

270 2833 326 2877 te
408 2824 698 2878 ministros
772 2824 883 2879 huc
964 2826 1185 2894 imperii
1265 2825 1347 2878 tui
1422 2826 1566 2878 tales
1639 2825 1886 2889 mittere,

271 2929 412 2980 quos
472 2913 774 2966 virtutibus
841 2931 966 2982 quae
1035 2913 1164 2965 tibi·
1202 2911 1445 2964 maxime
1510 2911 1888 2981 probarentur

272 2999 584 3069 quibusque
635 3000 755 3068 ipse
796 2999 1132 3063 abundareS,
1173 2998 1646 3053 instructissimos
1693 2999 1884 3051 scires.

344 3085 627 3157 Equidem
698 3085 779 3138 sic
848 3086 1089 3139 arbitror
1157 3103 1350 3154 regum
1425 3104 1491 3139 ac
1565 3085 1886 3155 principum

271 3172 383 3227 late
440 3173 840 3243 imperantium
898 3174 956 3224 in
1008 3192 1076 3225 eo
1126 3174 1267 3226 verti
1318 3173 1574 3241 gloriam,
1627 3173 1692 3237 si,
1745 3192 1888 3243 quas

273 3258 378 3326 ipsi
453 3278 552 3328 per
636 3278 694 3312 se
780 3260 1176 3312 administrare
1257 3278 1370 3312 non
1451 3267 1689 3328 possunt
1770 3279 1888 3314 suae
