2639 3798
592 388 777 427 LIBER
813 389 941 428 VIII'.
963 405 1036 413 --
1055 390 1347 430 EPISTOLA
1398 391 1560 430 XXIII.
1791 390 1897 447 329

265 525 334 579 ab
396 522 677 593 indigenis
749 522 887 576 nihil
950 532 1047 577 aut
1111 541 1312 593 parum
1376 522 1690 594 exspectari
1755 522 1887 577 talis

265 609 450 667 auxilii
491 617 680 680 queat,
722 618 955 679 propter
995 618 1160 665 terrae
1203 610 1578 674 sterilitatem,
1624 617 1680 665 et
1709 620 1778 665 ex
1821 627 1888 663 ea

264 704 657 769 paupertatem
701 696 1038 750 incolarum.

335 784 557 837 Eadem
594 784 704 837 ista
731 783 839 836 tria
870 784 1060 852 capita
1087 783 1451 853 vectigalium
1491 783 1712 853 collegii
1746 785 1897 837 Goa-

265 870 337 935 ni,
381 887 530 923 curae
578 870 809 923 Patrum
853 869 911 921 in
953 869 1177 922 arcibus
1223 869 1569 938 degentium,
1618 876 1674 922 et
1718 870 1892 941 Japo-

265 956 471 1010 niensis
510 956 775 1010 stationis
813 958 1219 1021 sustentandae,
1255 957 1685 1009 commendabis
1724 957 1886 1010 enixe

263 1042 501 1115 propriis
539 1043 741 1098 litteris
784 1043 937 1098 Patri
980 1043 1256 1113 Magistro
1298 1043 1535 1108 Simoni,
1577 1051 1675 1097 aut
1721 1043 1886 1113 Ulys-

265 1130 579 1200 siponensis
639 1130 858 1200 collegii
920 1131 1143 1195 rectori,
1198 1138 1259 1184 ut
1312 1148 1378 1184 ea
1428 1130 1556 1184 viva
1617 1149 1763 1185 voce.
1823 1149 1889 1185 ac

263 1216 633 1288 praesentibus
672 1217 868 1270 officiis
900 1217 1288 1271 efficacissime
1327 1225 1702 1286 promoveant
1736 1219 1887 1286 apud

267 1322 472 1373 regem.
1602 1359 1605 1362 .

333 1392 547 1444 Iterum
594 1399 786 1445 autem
833 1410 1038 1445 moneo
1080 1398 1141 1445 ut
1186 1392 1509 1445 memineris
1559 1410 1703 1460 quas
1752 1408 1895 1459 prae-

263 1479 452 1532 sertim
505 1480 577 1532 ad
630 1497 820 1549 regem
863 1479 1023 1531 dabis
1069 1479 1302 1543 litterae„
1357 1473 1775 1548 circumspecte
1822 1497 1889 1530 ac

263 1565 534 1619 meditato
573 1566 843 1627 scribere;
884 1566 1225 1620 videbuntur
1264 1567 1416 1619 enim
1450 1573 1506 1620 et
1543 1566 1886 1633 judicabun-

263 1661 351 1705 tur
376 1672 409 1703 a
435 1651 710 1721 plurimis.
791 1652 948 1704 Vale.

1418 1781 1821 1855 FRANciscus.

660 2363 884 2423 EPIS
894 2362 956 2422 T
959 2362 1143 2423 OLA
1210 2362 1482 2421 XXIII.

931 2588 1213 2649 Eidem.

395 2824 477 2873 De
517 2823 752 2874 Antonio
798 2821 1043 2873 Gomezio
1085 2826 1130 2870 et
1171 2819 1399 2870 Andrea
1442 2818 1763 2870 Carvalli0.'

426 2980 519 3019 AEc
560 2965 663 3019 tibi
706 2965 855 3018 circa
883 2965 1025 3017 duos
1053 2981 1083 3016 e
1111 2963 1339 3025 nostriS,
1371 2970 1449 3025 ut,
1481 2979 1572 3014 me
1609 2962 1889 3030 profectO,

463 3052 773 3123 exequaris,
835 3050 1046 3104 mando
1090 3049 1147 3104 in
1207 3048 1415 3102 virtute
1478 3055 1693 3103 sanetae
1758 3048 1887 3104 obe-

265 3133 504 3193 dientiae.
