2639 3798
655 367 840 407 LIBER
876 367 981 408 vn.
1003 383 1076 392 --
1095 367 1394 407 EPISTOLA
1434 368 1512 408 IV.
1792 370 1895 423 123

270 506 416 560 Illud
479 523 614 558 vero
681 523 907 574 semper
966 504 1175 559 animis
1234 505 1439 560 vestris
1492 507 1895 577 memoriaeque

268 596 441 665 fixum
504 593 796 656 inhaereat,
860 592 1167 661 gratiorem
1229 612 1353 645 esse
1422 592 1674 646 Domino
1733 592 1893 647 victi-

268 698 420 737 mam
460 680 689 750 plenum
731 680 1057 734 christianae
1093 679 1433 733 humilitatis
1468 680 1744 743 animum,
1778 699 1893 749 quo

267 789 326 824 se
384 768 675 837 vitamque
733 786 894 821 suam
961 767 1089 837 'quis
1146 767 1223 821 illi
1282 768 1539 822 studiose
1595 770 1890 834 devoveat,

266 874 436 927 quam
496 853 796 924 permulta,
845 846 989 909 ⁴licet
1051 854 1341 923 praeclara,
1397 855 1518 909 sine
1569 854 1892 910 humilitate

265 943 535 997 facinora.
614 943 736 995 Nec
765 941 1005 995 multum
1034 942 1212 995 aberit
1241 941 1481 996 fortasse
1508 942 1645 1012 quin
1673 961 1703 996 e
1729 943 1891 997 vobis

265 1030 582 1099 complures
623 1029 734 1081 huc
780 1028 931 1081 intra
976 1028 1267 1080 biennium
1314 1047 1566 1081 evocem.
1647 1029 1891 1082 Proinde

264 1123 445 1171 estote
486 1115 698 1184 parati3
742 1115 1107 1168 submissioni
1152 1123 1371 1179 vacate,
1414 1115 1577 1167 vobis
1620 1115 1727 1184 ipsi
1771 1115 1889 1168 ubi·

264 1221 505 1272 cumque
544 1220 687 1271 opus
715 1209 799 1256 est
828 1201 1074 1256 resistite
1114 1201 1359 1265 fortiter3
1403 1219 1632 1256 omnem
1674 1219 1889 1268 curam,

262 1289 686 1359 cogitationem,
751 1288 1003 1343 laborem
1057 1289 1114 1342 in
1167 1289 1329 1342 vobis
1391 1289 1619 1358 penitus
1683 1306 1890 1359 cogno-

263 1377 487 1431 scendis
515 1376 804 1429 insumite.
886 1376 1040 1429 Hinc
1069 1375 1335 1429 nimirum
1365 1383 1420 1429 et
1448 1376 1590 1429 fides
1616 1376 1675 1428 in
1700 1376 1888 1429 Deum

262 1472 316 1518 et
377 1464 627 1517 charitas
688 1473 903 1517 crescet
958 1464 1015 1516 in
1076 1463 1425 1533 proximum3
1491 1462 1624 1517 hinc
1676 1462 1887 1532 perspi·

262 1550 421 1605 cietis
485 1551 738 1620 quotidie
802 1551 1006 1604 clarius
1059 1569 1230 1620 quam
1285 1551 1500 1602 nullum
1553 1550 1714 1603 vobis
1766 1570 1888 1619 per-

262 1637 472 1707 fugium
502 1637 559 1689 in
587 1637 790 1690 vestris
828 1637 1040 1690 viribus
1068 1655 1191 1690 esse
1231 1638 1436 1691 debeat
1478 1638 1887 1692 constitutum:

262 1742 427 1792 porro
471 1725 627 1776 inani
672 1725 893 1777 sublata
936 1743 1053 1792 spe,
1099 1743 1224 1793 quae
1268 1743 1379 1777 una
1421 1743 1555 1777 vera
1597 1743 1664 1776 ac
1707 1723 1888 1776 solida

262 1810 426 1863 estin
464 1811 589 1862 Deo
630 1811 837 1863 fiducia
877 1819 1275 1879 consequetur.
1357 1810 1511 1863 Hinc
1551 1810 1754 1863 intima
1795 1810 1889 1864 illa

262 1897 500 1968 denique
564 1898 767 1952 existet
832 1897 1141 1963 humilitaS,
1209 1916 1380 1968 quam
1444 1915 1555 1952 vos
1606 1905 1886 1952 terrarum

262 1985 598 2057 ubicumque
644 1985 880 2051 fueritis,
918 1977 1028 2040 'sed
1075 1986 1359 2056 praecipue
1403 1985 1449 2039 si
1492 1985 1549 2038 in
1596 1984 1719 2040 haec
1763 1985 1888 2040 loca

263 2074 582 2138 mittemini,
650 2075 831 2143 magis
895 2075 1066 2128 etia-m
1135 2093 1306 2144 quam
1373 2073 1614 2127 fortasse
1671 2073 1888 2143 putatis

262 2163 635 2216 necessariam
679 2164 841 2217 vobis
883 2164 1229 2233 intelligetis,

331 2250 610 2320 Quocirca
662 2270 763 2304 vos
815 2270 952 2320 rogo
1006 2259 1065 2305 ut
1119 2252 1277 2304 omni
1339 2268 1570 2320 prorsus
1636 2250 1888 2305 humana

261 2325 355 2402 s’pe
395 2338 483 2390 vel
525 2340 710 2391 carnis
753 2340 1056 2408 prudentia
1099 2348 1271 2408 atque
1314 2338 1560 2391 elatione
1605 2337 1885 2405 deposita,

259 2424 518 2478 omnibus
559 2426 763 2480 vestris
806 2426 863 2479 in
906 2427 1228 2480 actionibus
1271 2438 1396 2480 uno'
1432 2427 1557 2478 Deo
1601 2424 1884 2477 nitamini.

262 2507 387 2564 Hoc
438 2519 557 2564 tam
611 2513 776 2565 firmo
821 2513 1086 2582 praesidio
1134 2513 1179 2565 si
1230 2513 1433 2565 muniti
1479 2511 1714 2574 fueritiS,
1761 2519 1885 2564 tum

258 2611 358 2647 nec
385 2599 537 2665 quod
565 2600 637 2649 ad
667 2617 871 2667 corpus
901 2619 1005 2652 nec
1045 2602 1198 2668 quod
1239 2601 1312 2652 ad
1353 2599 1615 2667 spiritum
1656 2598 1883 2661 attinet,

257 2696 343 2734 res
391 2683 498 2737 erit
561 2684 672 2737 ulla
724 2693 886 2739 tanta
937 2693 1171 2756 tamque
1225 2685 1484 2747 difficilis,
1539 2702 1712 2754 quam
1763 2701 1884 2747 VOS,

259 2781 382 2822 meo
414 2768 651 2838 judicio,
682 2789 798 2826 non
827 2780 883 2826 et
913 2773 1198 2843 suscipere
1227 2781 1282 2827 et
1310 2772 1593 2826 sustinere
1632 2771 1885 2844 possitis.

327 2854 696 2925 Cangoximae
754 2862 955 2928 (quam
1017 2860 1177 2913 Pauli
1211 2860 1411 2913 »nostri
1464 2859 1709 2928 patriam
1762 2876 1887 2912 esse

257 2938 580 3010 docuimus)
625 2954 747 2999 tum
781 2965 815 2999 a
855 2947 1305 3017 magistratibuS,
1347 2955 1470 2999 tum
1510 2945 1582 2997 ab
1623 2943 1893 2997 universo

256 3027 461 3095 populo
513 3033 735 3101 accepti
781 3051 979 3089 sumus
1031 3034 1274 3089 comiter
1318 3034 1633 3089 admodum
1680 3050 1748 3086 ac
1792 3032 1886 3085 be-

258 3109 443 3180 nigne,
489 3136 669 3176 novos
710 3138 740 3175 e
787 3120 1088 3177 Lusitania
1134 3121 1464 3178 sacerdotes
1505 3118 1729 3176 cunctis
1766 3135 1887 3173 non
