2639 3798
627 371 812 413 LIBER
848 373 977 414 vm.
998 388 1071 398 ··-·
1090 374 1383 415 EPISTOLA
1425 376 1565 415 xxn.
1811 374 1916 429 313

280 512 432 569 brevi
471 512 563 567 die
602 514 951 584 praescripta,
995 523 1287 585 urgeretur
1330 515 1719 577 incommodO,
1748 513 1795 567 si
1832 520 1913 567 ta-

283 618 411 656 men
455 608 576 653 tam
623 600 921 669 insigniter
971 601 1200 671 profuit,
1255 601 1461 655 inferes
1514 607 1732 670 quanto
1787 598 1913 668 plus

285 685 628 757 sperandum
689 685 926 753 insignis
978 686 1117 740 lucri
1171 687 1242 741 sit
1296 705 1363 740 ex
1414 686 1684 754 plenariis
1740 684 1920 737 indul-

281 773 487 844 gentiis
549 791 652 841 per
705 773 891 842 spatia
954 774 1199 843 plurium
1265 792 1559 825 annorum.
1608 772 1665 823 in
1731 780 1917 824 certas

282 859 552 913 festorum
610 859 1023 913 recurrentium
1079 860 1473 913 solemnitates
1529 867 1661 927 apte
1709 858 1914 910 deseri-

288 945 418 1017 ptis,

350 1034 676 1102 ‘Expromas
715 1031 773 1084 in
832 1031 941 1085 hac
981 1050 1153 1086 causa
1208 1050 1417 1085 censeo
1470 1039 1629 1084 tuam
1686 1046 1916 1082 omnem

282 1118 660 1190 persuadendi
710 1118 845 1182 vim,
901 1118 1152 1188 nihilque
1204 1118 1402 1187 reliqui
1456 1118 1560 1171 tibi
1614 1116 1791 1169 facias
1844 1118 1917 1169 ad

282 1222 568 1261 summurn
608 1212 881 1259 conatum
922 1205 1237 1269 evincendi,
1270 1213 1329 1259 ut
1358 1206 1417 1257 in
1446 1223 1513 1258 eo
1544 1205 1714 1257 Pater
1743 1205 1910 1273 Igna-

281 1293 392 1347 tius
434 1292 795 1361 impetrando
837 1300 1117 1361 quantum
1160 1299 1350 1361 potest
1394 1291 1727 1344 enitendum
1771 1290 1912 1343 exis—

283 1379 463 1441 timet,
519 1377 737 1430 addens
790 1377 965 1431 etiam
1019 1395 1111 1431 me
1162 1378 1272 1431 hoc
1326 1378 1398 1430 ab
1452 1377 1575 1446 ipso
1640 1376 1915 1446 majorem

284 1465 338 1519 in
366 1464 602 1518 modurn
642 1464 1007 1527 contendere,
1038 1465 1096 1516 in
1123 1464 1385 1517 beneficii
1415 1463 1715 1532 singularis
1756 1470 1917 1531 parte

284 1559 729 1615 numeraturum,
794 1551 839 1603 si
905 1551 1045 1604 meis
1111 1551 1349 1604 inflexus
1413 1550 1693 1620 precibuS,
1761 1549 1918 1602 hisce

284 1636 504 1706 populis
548 1644 774 1690 tantam
822 1636 1141 1691 coelestium
1195 1636 1507 1691 utilitatum
1555 1636 1918 1691 occasionem

284 1725 587 1794 gratificari
635 1743 751 1778 non
807 1724 1229 1795 dedignabitur.

358 1811 586 1866 Scribas
647 1811 822 1866 etiam
885 1812 957 1866 ad
1039 1812 1377 1881 Magistrum
1452 1812 1750 1866 Simonem
1825 1820 1924 1866 aut

231 1967 233 1970 ι
286 1907 562 1954 rectorem
625 1899 845 1970 collegii
908 1899 1413 1964 ConimbrieensiS,
1469 1918 1639 1953 orans
1714 1907 1774 1954 ut
1833 1918 1926 1953 ea-

287 1988 415 2041 dem
442 1987 550 2041 hac
578 1989 648 2041 de
676 2006 735 2040 re
770 2006 900 2041 cum
929 2006 1059 2057 rege
1091 1997 1291 2057 agant3
1335 1988 1708 2058 expositoque
1738 1988 1922 2042 fructu

287 2072 567 2128 immenso
596 2074 717 2143 'qui
770 2093 837 2128 ex
889 2075 1171 2142 ejusmodi
1229 2075 1686 2143 promulgatione
1739 2075 1919 2129 indul-

287 2160 604 2229 gentiarum
665 2160 1018 2229 colligendus
1085 2169 1242 2213 certo
1309 2168 1414 2224 est,
1484 2160 1803 2232 impetrent*
1853 2161 1925 2214 ab

288 2246 406 2314 ejus
448 2247 772 2315 Majestate,
819 2254 880 2299 ut
925 2247 1041 2299 suis
1088 2249 1337 2299 Romam
1379 2246 1584 2299 litteris
1630 2247 1924 2314 negotium

289 2332 535 2402 adjuvet,
582 2340 680 2386 aut
733 2332 925 2402 potius
976 2351 1079 2402 pro
1120 2352 1222 2386 sua
1262 2351 1487 2385 summa
1528 2332 1639 2386 illic
1679 2333 1924 2387 auctori-

289 2426 407 2473 tate
478 2427 650 2490 atque
719 2420 872 2489 apud
949 2420 1288 2473 Pontificem
1381 2420 1565 2488 gratia
1641 2421 1927 2486 conficiat,

291 2524 493 2561 curans
528 2507 843 2577 diplomata
887 2507 1010 2576 ejus
1052 2507 1274 2576 generis
1321 2507 1474 2561 Patri
1522 2508 1750 2577 Ignatio
1793 2527 1927 2563 con-

291 2592 516 2661 signari,
563 2595 774 2663 quippe
820 2594 1094 2662 inscripta
1151 2594 1455 2647 Societatis
1499 2597 1638 2665 Jesu
1686 2595 1925 2664 collegio

293 2679 514 2746 Goan0,
555 2689 617 2735 ut
666 2682 898 2734 Patrum
955 2679 1067 2733 illic
1119 2680 1453 2750 degentium
1503 2681 1782 2735 arbitratu
1828 2701 1927 2751 pu-

291 2766 587 2822 blicentur.
670 2768 826 2820 Hinc
878 2767 1032 2819 enim
1084 2768 1181 2819 fiet
1229 2774 1290 2819 ut
1345 2766 1555 2835 populi,
1610 2768 1929 2835 procuratis

292 2859 345 2906 et
379 2853 717 2907 ministratis
756 2871 858 2922 per
896 2871 994 2906 eos
1035 2852 1255 2907 deliniti
1296 2852 1509 2921 gratiiS,
1541 2854 1733 2907 studio
1774 2855 1928 2923 ipsos

293 2946 346 2990 et
396 2939 763 2992 veneratione
821 2939 1023 3008 majori
1081 2938 1527 3006 amplectantur3
1596 2958 1709 3006 qua
1760 2939 1929 3007 vulgo

295 3027 645 3095 acceptiores
689 3027 913 3080 labores
958 3026 1231 3096 ipsorum,
1276 3043 1342 3077 ac
1389 3026 1469 3077 sic
1512 3027 1669 3079 omni
1715 3027 1929 3100 passim

301 3107 594 3171 hominum
642 3111 834 3187 generi
878 3111 1131 3170 utiliores
1176 3111 1440 3168 evadant.
