<?xml version="1.0" encoding="UTF-8"?>
<!DOCTYPE html PUBLIC "-//W3C//DTD XHTML 1.0 Transitional//EN"
    "http://www.w3.org/TR/xhtml1/DTD/xhtml1-transitional.dtd">
<html xmlns="http://www.w3.org/1999/xhtml" xml:lang="en" lang="en">
 <head>
  <title>
</title>
<meta http-equiv="Content-Type" content="text/html;charset=utf-8" />
  <meta name='ocr-system' content='tesseract 3.04.00' />
  <meta name='ocr-capabilities' content='ocr_page ocr_carea ocr_par ocr_line ocrx_word'/>
</head>
<body>
  <div class='ocr_page' id='page_1' title='image "./pts_epistolae_3720-0638_v2/pts_epistolae_3720-0638_v2_0307.png"; bbox 0 0 2665 3754; ppageno 0'>
   <div class='ocr_carea' id='block_1_1' title="bbox 42 432 45 1046">
    <p class='ocr_par' dir='ltr' id='par_1_1' title="bbox 42 432 45 1046">
     <span class='ocr_line' id='line_1_1' title="bbox 42 432 45 1046; baseline 0 0"><span class='ocrx_word' id='word_1_1' title='bbox 42 432 45 1046; x_wconf 95' lang='lat' dir='ltr'> </span> 
     </span>
    </p>
   </div>
   <div class='ocr_carea' id='block_1_2' title="bbox 39 2833 49 2850">
    <p class='ocr_par' dir='ltr' id='par_1_2' title="bbox 39 2833 49 2850">
     <span class='ocr_line' id='line_1_2' title="bbox 39 2833 49 2850; baseline 0 904"><span class='ocrx_word' id='word_1_2' title='bbox 39 2833 49 2850; x_wconf 95' lang='lat' dir='ltr'> </span> 
     </span>
    </p>
   </div>
   <div class='ocr_carea' id='block_1_3' title="bbox 0 1231 2 3581">
    <p class='ocr_par' dir='ltr' id='par_1_3' title="bbox 0 1231 2 3581">
     <span class='ocr_line' id='line_1_3' title="bbox 0 1231 2 3581; baseline 0 0"><span class='ocrx_word' id='word_1_3' title='bbox 0 1231 2 3581; x_wconf 95' lang='lat' dir='ltr'> </span> 
     </span>
    </p>
   </div>
   <div class='ocr_carea' id='block_1_4' title="bbox 137 585 145 1129">
    <p class='ocr_par' dir='ltr' id='par_1_4' title="bbox 137 585 145 1129">
     <span class='ocr_line' id='line_1_4' title="bbox 137 585 145 1129; baseline 0 0"><span class='ocrx_word' id='word_1_4' title='bbox 137 585 145 1129; x_wconf 95' lang='lat' dir='ltr'> </span> 
     </span>
    </p>
   </div>
   <div class='ocr_carea' id='block_1_5' title="bbox 2156 0 2660 404">
    <p class='ocr_par' dir='ltr' id='par_1_5' title="bbox 2156 0 2660 404">
     <span class='ocr_line' id='line_1_5' title="bbox 2156 0 2660 404; baseline 0 3350"><span class='ocrx_word' id='word_1_5' title='bbox 2156 0 2660 404; x_wconf 95' lang='lat' dir='ltr'> </span> 
     </span>
    </p>
   </div>
   <div class='ocr_carea' id='block_1_6' title="bbox 712 338 1981 408">
    <p class='ocr_par' dir='ltr' id='par_1_6' title="bbox 712 338 1981 408">
     <span class='ocr_line' id='line_1_6' title="bbox 712 338 1981 408; baseline -0.005 -15"><span class='ocrx_word' id='word_1_6' title='bbox 712 338 820 408; x_wconf 85' lang='lat'>296</span> <span class='ocrx_word' id='word_1_7' title='bbox 1074 348 1258 387; x_wconf 87' lang='lat' dir='ltr'>LIBER</span> <span class='ocrx_word' id='word_1_8' title='bbox 1284 347 1424 388; x_wconf 81' lang='lat' dir='ltr'>vm.</span> <span class='ocrx_word' id='word_1_9' title='bbox 1445 355 1519 372; x_wconf 70' lang='lat'>⁴-—</span> <span class='ocrx_word' id='word_1_10' title='bbox 1537 347 1831 387; x_wconf 79' lang='lat' dir='ltr'>EPISTOLA</span> <span class='ocrx_word' id='word_1_11' title='bbox 1868 348 1981 388; x_wconf 68' lang='lat' dir='ltr'>xm.</span> 
     </span>
    </p>
   </div>
   <div class='ocr_carea' id='block_1_7' title="bbox 704 487 2335 631">
    <p class='ocr_par' dir='ltr' id='par_1_7' title="bbox 704 487 2335 631">
     <span class='ocr_line' id='line_1_7' title="bbox 704 487 2333 559; baseline 0.002 -17"><span class='ocrx_word' id='word_1_12' title='bbox 704 488 887 558; x_wconf 84' lang='lat' dir='ltr'>culpae</span> <span class='ocrx_word' id='word_1_13' title='bbox 953 487 1181 542; x_wconf 88' lang='lat' dir='ltr'>affinem</span> <span class='ocrx_word' id='word_1_14' title='bbox 1251 488 1543 557; x_wconf 88' lang='lat' dir='ltr'>sugilletis.</span> <span class='ocrx_word' id='word_1_15' title='bbox 1622 489 1931 558; x_wconf 88' lang='lat' dir='ltr'>Excipiunt</span> <span class='ocrx_word' id='word_1_16' title='bbox 1983 489 2188 559; x_wconf 88' lang='lat' dir='ltr'>cupide</span> <span class='ocrx_word' id='word_1_17' title='bbox 2239 508 2333 547; x_wconf 84' lang='lat' dir='ltr'>vo·</span> 
     </span>
     <span class='ocr_line' id='line_1_8' title="bbox 708 573 2335 631; baseline 0.001 -3"><span class='ocrx_word' id='word_1_18' title='bbox 708 593 804 628; x_wconf 88' lang='lat' dir='ltr'>ces</span> <span class='ocrx_word' id='word_1_19' title='bbox 857 573 980 626; x_wconf 90' lang='lat' dir='ltr'>illas</span> <span class='ocrx_word' id='word_1_20' title='bbox 1034 582 1089 626; x_wconf 93' lang='lat' dir='ltr'>et</span> <span class='ocrx_word' id='word_1_21' title='bbox 1145 573 1212 625; x_wconf 90' lang='lat' dir='ltr'>iis</span> <span class='ocrx_word' id='word_1_22' title='bbox 1251 573 1658 628; x_wconf 85' lang='lat' dir='ltr'>incredibiliter</span> <span class='ocrx_word' id='word_1_23' title='bbox 1711 573 1981 627; x_wconf 87' lang='lat' dir='ltr'>inflantur</span> <span class='ocrx_word' id='word_1_24' title='bbox 2040 574 2335 631; x_wconf 70' lang='lat' dir='ltr'>indomitae</span> 
     </span>
    </p>
   </div>
   <div class='ocr_carea' id='block_1_8' title="bbox 698 661 2336 3165">
    <p class='ocr_par' dir='ltr' id='par_1_8' title="bbox 702 661 2336 1580">
     <span class='ocr_line' id='line_1_9' title="bbox 707 661 2336 730; baseline 0.001 -15"><span class='ocrx_word' id='word_1_25' title='bbox 707 661 913 715; x_wconf 85' lang='lat' dir='ltr'>animae</span> <span class='ocrx_word' id='word_1_26' title='bbox 967 661 1294 722; x_wconf 92' lang='lat' dir='ltr'>mulierum;</span> <span class='ocrx_word' id='word_1_27' title='bbox 1342 669 1398 715; x_wconf 89' lang='lat' dir='ltr'>et</span> <span class='ocrx_word' id='word_1_28' title='bbox 1445 679 1670 730; x_wconf 83' lang='lat' dir='ltr'>semper</span> <span class='ocrx_word' id='word_1_29' title='bbox 1721 661 2088 715; x_wconf 89' lang='lat' dir='ltr'>imminentes</span> <span class='ocrx_word' id='word_1_30' title='bbox 2136 662 2195 714; x_wconf 93' lang='lat' dir='ltr'>in</span> <span class='ocrx_word' id='word_1_31' title='bbox 2242 681 2336 717; x_wconf 82' lang='lat' dir='ltr'>oc-</span> 
     </span>
     <span class='ocr_line' id='line_1_10' title="bbox 704 747 2333 816; baseline 0.001 -15"><span class='ocrx_word' id='word_1_32' title='bbox 704 747 965 801; x_wconf 88' lang='lat' dir='ltr'>casiones</span> <span class='ocrx_word' id='word_1_33' title='bbox 1011 747 1511 816; x_wconf 90' lang='lat' dir='ltr'>deprimendorum</span> <span class='ocrx_word' id='word_1_34' title='bbox 1559 747 1912 812; x_wconf 90' lang='lat' dir='ltr'>maritorum,</span> <span class='ocrx_word' id='word_1_35' title='bbox 1960 747 2055 801; x_wconf 93' lang='lat' dir='ltr'>ubi</span> <span class='ocrx_word' id='word_1_36' title='bbox 2102 747 2209 801; x_wconf 92' lang='lat' dir='ltr'>sibi</span> <span class='ocrx_word' id='word_1_37' title='bbox 2244 748 2333 803; x_wconf 75' lang='lat' dir='ltr'>fa-</span> 
     </span>
     <span class='ocr_line' id='line_1_11' title="bbox 702 833 2329 903; baseline 0.002 -17"><span class='ocrx_word' id='word_1_38' title='bbox 702 841 934 887; x_wconf 90' lang='lat' dir='ltr'>ventem</span> <span class='ocrx_word' id='word_1_39' title='bbox 980 833 1142 903; x_wconf 89' lang='lat' dir='ltr'>quasi</span> <span class='ocrx_word' id='word_1_40' title='bbox 1195 852 1391 888; x_wconf 90' lang='lat' dir='ltr'>auram</span> <span class='ocrx_word' id='word_1_41' title='bbox 1437 833 1542 887; x_wconf 87' lang='lat' dir='ltr'>fori</span> <span class='ocrx_word' id='word_1_42' title='bbox 1588 834 1885 897; x_wconf 85' lang='lat' dir='ltr'>senserint,</span> <span class='ocrx_word' id='word_1_43' title='bbox 1940 833 2329 903; x_wconf 86' lang='lat' dir='ltr'>religiosorum</span> 
     </span>
     <span class='ocr_line' id='line_1_12' title="bbox 704 919 2335 992; baseline 0 -17"><span class='ocrx_word' id='word_1_44' title='bbox 704 920 919 976; x_wconf 88' lang='lat' dir='ltr'>scilicet</span> <span class='ocrx_word' id='word_1_45' title='bbox 971 920 1288 985; x_wconf 90' lang='lat' dir='ltr'>hominurn,</span> <span class='ocrx_word' id='word_1_46' title='bbox 1342 938 1486 991; x_wconf 91' lang='lat' dir='ltr'>quos</span> <span class='ocrx_word' id='word_1_47' title='bbox 1537 921 1914 990; x_wconf 85' lang='lat' dir='ltr'>diremptores</span> <span class='ocrx_word' id='word_1_48' title='bbox 1962 919 2146 974; x_wconf 88' lang='lat' dir='ltr'>litium</span> <span class='ocrx_word' id='word_1_49' title='bbox 2192 921 2335 992; x_wconf 83' lang='lat' dir='ltr'>lege-</span> 
     </span>
     <span class='ocr_line' id='line_1_13' title="bbox 704 1007 2332 1076; baseline 0.002 -16"><span class='ocrx_word' id='word_1_50' title='bbox 704 1014 855 1070; x_wconf 90' lang='lat' dir='ltr'>runt,</span> <span class='ocrx_word' id='word_1_51' title='bbox 885 1013 1099 1060; x_wconf 90' lang='lat' dir='ltr'>temere</span> <span class='ocrx_word' id='word_1_52' title='bbox 1137 1007 1405 1061; x_wconf 92' lang='lat' dir='ltr'>indicatis</span> <span class='ocrx_word' id='word_1_53' title='bbox 1445 1008 1760 1061; x_wconf 90' lang='lat' dir='ltr'>secundum</span> <span class='ocrx_word' id='word_1_54' title='bbox 1802 1007 1955 1076; x_wconf 89' lang='lat' dir='ltr'>ipsas</span> <span class='ocrx_word' id='word_1_55' title='bbox 1988 1008 2332 1076; x_wconf 82' lang='lat' dir='ltr'>praejudiciis</span> 
     </span>
     <span class='ocr_line' id='line_1_14' title="bbox 703 1094 2332 1165; baseline 0.001 -17"><span class='ocrx_word' id='word_1_56' title='bbox 703 1094 1080 1164; x_wconf 90' lang='lat' dir='ltr'>triumphant,</span> <span class='ocrx_word' id='word_1_57' title='bbox 1128 1112 1309 1165; x_wconf 89' lang='lat' dir='ltr'>eoque</span> <span class='ocrx_word' id='word_1_58' title='bbox 1355 1095 1561 1148; x_wconf 90' lang='lat' dir='ltr'>deinde</span> <span class='ocrx_word' id='word_1_59' title='bbox 1614 1113 1839 1164; x_wconf 91' lang='lat' dir='ltr'>semper</span> <span class='ocrx_word' id='word_1_60' title='bbox 1889 1094 2155 1148; x_wconf 88' lang='lat' dir='ltr'>licentius</span> <span class='ocrx_word' id='word_1_61' title='bbox 2208 1114 2332 1165; x_wconf 91' lang='lat' dir='ltr'>pro-</span> 
     </span>
     <span class='ocr_line' id='line_1_15' title="bbox 705 1180 2334 1254; baseline 0.002 -20"><span class='ocrx_word' id='word_1_62' title='bbox 705 1180 899 1235; x_wconf 91' lang='lat' dir='ltr'>siliunt</span> <span class='ocrx_word' id='word_1_63' title='bbox 964 1180 1022 1234; x_wconf 93' lang='lat' dir='ltr'>in</span> <span class='ocrx_word' id='word_1_64' title='bbox 1087 1181 1344 1251; x_wconf 85' lang='lat' dir='ltr'>querelas</span> <span class='ocrx_word' id='word_1_65' title='bbox 1409 1189 1464 1236; x_wconf 89' lang='lat' dir='ltr'>et</span> <span class='ocrx_word' id='word_1_66' title='bbox 1529 1181 1958 1252; x_wconf 50' lang='lat' dir='ltr'>criminationes</span> <span class='ocrx_word' id='word_1_67' title='bbox 2028 1182 2334 1254; x_wconf 87' lang='lat' dir='ltr'>conjugum</span> 
     </span>
     <span class='ocr_line' id='line_1_16' title="bbox 704 1268 2334 1336; baseline 0.002 -16"><span class='ocrx_word' id='word_1_68' title='bbox 704 1284 955 1331; x_wconf 88' lang='lat' dir='ltr'>suorum,</span> <span class='ocrx_word' id='word_1_69' title='bbox 996 1284 1127 1321; x_wconf 91' lang='lat' dir='ltr'>cum</span> <span class='ocrx_word' id='word_1_70' title='bbox 1178 1268 1516 1336; x_wconf 89' lang='lat' dir='ltr'>suiipsarum</span> <span class='ocrx_word' id='word_1_71' title='bbox 1557 1268 2021 1322; x_wconf 85' lang='lat' dir='ltr'>excusationibus</span> <span class='ocrx_word' id='word_1_72' title='bbox 2062 1269 2185 1323; x_wconf 87' lang='lat' dir='ltr'>sine</span> <span class='ocrx_word' id='word_1_73' title='bbox 2224 1270 2334 1324; x_wconf 87' lang='lat' dir='ltr'>fine</span> 
     </span>
     <span class='ocr_line' id='line_1_17' title="bbox 704 1352 2335 1423; baseline 0.001 -17"><span class='ocrx_word' id='word_1_74' title='bbox 704 1370 771 1407; x_wconf 91' lang='lat' dir='ltr'>ac</span> <span class='ocrx_word' id='word_1_75' title='bbox 824 1353 996 1406; x_wconf 90' lang='lat' dir='ltr'>modo</span> <span class='ocrx_word' id='word_1_76' title='bbox 1047 1354 1418 1418; x_wconf 82' lang='lat' dir='ltr'>coacervatiS,</span> <span class='ocrx_word' id='word_1_77' title='bbox 1477 1354 1702 1407; x_wconf 90' lang='lat' dir='ltr'>rabiosa</span> <span class='ocrx_word' id='word_1_78' title='bbox 1765 1352 2110 1423; x_wconf 86' lang='lat' dir='ltr'>loquacitate</span> <span class='ocrx_word' id='word_1_79' title='bbox 2164 1353 2335 1408; x_wconf 91' lang='lat' dir='ltr'>incul-</span> 
     </span>
     <span class='ocr_line' id='line_1_18' title="bbox 704 1440 2328 1509; baseline 0.002 -17"><span class='ocrx_word' id='word_1_80' title='bbox 704 1440 920 1493; x_wconf 90' lang='lat' dir='ltr'>candas</span> <span class='ocrx_word' id='word_1_81' title='bbox 971 1440 1141 1494; x_wconf 88' lang='lat' dir='ltr'>stulte</span> <span class='ocrx_word' id='word_1_82' title='bbox 1192 1440 1401 1509; x_wconf 89' lang='lat' dir='ltr'>patulis</span> <span class='ocrx_word' id='word_1_83' title='bbox 1453 1441 1682 1494; x_wconf 91' lang='lat' dir='ltr'>auribus</span> <span class='ocrx_word' id='word_1_84' title='bbox 1733 1458 1933 1509; x_wconf 90' lang='lat' dir='ltr'>parum</span> <span class='ocrx_word' id='word_1_85' title='bbox 1985 1441 2328 1509; x_wconf 89' lang='lat' dir='ltr'>prudentum</span> 
     </span>
     <span class='ocr_line' id='line_1_19' title="bbox 706 1526 1091 1580; baseline 0.003 -1"><span class='ocrx_word' id='word_1_86' title='bbox 706 1526 1091 1580; x_wconf 86' lang='lat' dir='ltr'>sacerdotum.</span> 
     </span>
    </p>

    <p class='ocr_par' dir='ltr' id='par_1_9' title="bbox 698 1613 2335 3165">
     <span class='ocr_line' id='line_1_20' title="bbox 780 1613 2333 1682; baseline 0.003 -18"><span class='ocrx_word' id='word_1_87' title='bbox 780 1613 906 1681; x_wconf 88' lang='lat' dir='ltr'>Ego</span> <span class='ocrx_word' id='word_1_88' title='bbox 969 1630 1103 1665; x_wconf 90' lang='lat' dir='ltr'>vero</span> <span class='ocrx_word' id='word_1_89' title='bbox 1166 1613 1309 1666; x_wconf 89' lang='lat' dir='ltr'>adeo</span> <span class='ocrx_word' id='word_1_90' title='bbox 1373 1632 1487 1667; x_wconf 93' lang='lat' dir='ltr'>non</span> <span class='ocrx_word' id='word_1_91' title='bbox 1551 1613 1987 1682; x_wconf 91' lang='lat' dir='ltr'>vituperandum</span> <span class='ocrx_word' id='word_1_92' title='bbox 2060 1613 2333 1669; x_wconf 88' lang='lat' dir='ltr'>audiente</span> 
     </span>
     <span class='ocr_line' id='line_1_21' title="bbox 704 1698 2335 1770; baseline 0 -15"><span class='ocrx_word' id='word_1_93' title='bbox 704 1718 877 1755; x_wconf 85' lang='lat' dir='ltr'>uxore</span> <span class='ocrx_word' id='word_1_94' title='bbox 916 1698 1099 1754; x_wconf 91' lang='lat' dir='ltr'>virum</span> <span class='ocrx_word' id='word_1_95' title='bbox 1138 1700 1353 1770; x_wconf 84' lang='lat' dir='ltr'>judico,</span> <span class='ocrx_word' id='word_1_96' title='bbox 1400 1709 1460 1755; x_wconf 94' lang='lat' dir='ltr'>ut</span> <span class='ocrx_word' id='word_1_97' title='bbox 1507 1700 1681 1755; x_wconf 90' lang='lat' dir='ltr'>etiam</span> <span class='ocrx_word' id='word_1_98' title='bbox 1728 1699 2086 1754; x_wconf 90' lang='lat' dir='ltr'>dissimulare</span> <span class='ocrx_word' id='word_1_99' title='bbox 2131 1700 2335 1755; x_wconf 82' lang='lat' dir='ltr'>debere</span> 
     </span>
     <span class='ocr_line' id='line_1_22' title="bbox 704 1787 2331 1853; baseline 0 -11"><span class='ocrx_word' id='word_1_100' title='bbox 704 1788 1060 1842; x_wconf 88' lang='lat' dir='ltr'>sacerdotem</span> <span class='ocrx_word' id='word_1_101' title='bbox 1125 1789 1381 1853; x_wconf 88' lang='lat' dir='ltr'>arbitrer,</span> <span class='ocrx_word' id='word_1_102' title='bbox 1453 1788 1682 1842; x_wconf 89' lang='lat' dir='ltr'>credere</span> <span class='ocrx_word' id='word_1_103' title='bbox 1735 1806 1795 1841; x_wconf 89' lang='lat' dir='ltr'>se</span> <span class='ocrx_word' id='word_1_104' title='bbox 1858 1787 2107 1841; x_wconf 91' lang='lat' dir='ltr'>mulieris</span> <span class='ocrx_word' id='word_1_105' title='bbox 2171 1787 2331 1843; x_wconf 88' lang='lat' dir='ltr'>dissi-</span> 
     </span>
     <span class='ocr_line' id='line_1_23' title="bbox 706 1873 2335 1929; baseline -0.001 0"><span class='ocrx_word' id='word_1_106' title='bbox 706 1876 864 1929; x_wconf 90' lang='lat' dir='ltr'>dium</span> <span class='ocrx_word' id='word_1_107' title='bbox 926 1875 1306 1929; x_wconf 90' lang='lat' dir='ltr'>domesticum</span> <span class='ocrx_word' id='word_1_108' title='bbox 1380 1875 1664 1928; x_wconf 88' lang='lat' dir='ltr'>narrantis</span> <span class='ocrx_word' id='word_1_109' title='bbox 1730 1873 2154 1928; x_wconf 86' lang='lat' dir='ltr'>defensionibus</span> <span class='ocrx_word' id='word_1_110' title='bbox 2204 1874 2335 1929; x_wconf 88' lang='lat' dir='ltr'>alle-</span> 
     </span>
     <span class='ocr_line' id='line_1_24' title="bbox 704 1961 2330 2032; baseline 0.001 -18"><span class='ocrx_word' id='word_1_111' title='bbox 704 1961 852 2031; x_wconf 89' lang='lat' dir='ltr'>gatis</span> <span class='ocrx_word' id='word_1_112' title='bbox 904 1979 1006 2031; x_wconf 92' lang='lat' dir='ltr'>pro</span> <span class='ocrx_word' id='word_1_113' title='bbox 1059 1979 1135 2026; x_wconf 88' lang='lat' dir='ltr'>se,</span> <span class='ocrx_word' id='word_1_114' title='bbox 1191 1962 1395 2032; x_wconf 92' lang='lat' dir='ltr'>quibus</span> <span class='ocrx_word' id='word_1_115' title='bbox 1458 1962 1798 2031; x_wconf 90' lang='lat' dir='ltr'>persuadere</span> <span class='ocrx_word' id='word_1_116' title='bbox 1862 1961 2062 2016; x_wconf 89' lang='lat' dir='ltr'>nititur</span> <span class='ocrx_word' id='word_1_117' title='bbox 2119 1961 2330 2016; x_wconf 87' lang='lat' dir='ltr'>nullam</span> 
     </span>
     <span class='ocr_line' id='line_1_25' title="bbox 704 2047 2332 2118; baseline -0.001 -15"><span class='ocrx_word' id='word_1_118' title='bbox 704 2049 826 2118; x_wconf 87' lang='lat' dir='ltr'>ejus</span> <span class='ocrx_word' id='word_1_119' title='bbox 871 2053 1051 2118; x_wconf 88' lang='lat' dir='ltr'>culpae</span> <span class='ocrx_word' id='word_1_120' title='bbox 1103 2057 1324 2118; x_wconf 89' lang='lat' dir='ltr'>partem</span> <span class='ocrx_word' id='word_1_121' title='bbox 1378 2048 1647 2117; x_wconf 88' lang='lat' dir='ltr'>imputari</span> <span class='ocrx_word' id='word_1_122' title='bbox 1700 2047 1807 2102; x_wconf 91' lang='lat' dir='ltr'>sibi</span> <span class='ocrx_word' id='word_1_123' title='bbox 1859 2066 2047 2117; x_wconf 84' lang='lat' dir='ltr'>posse.</span> <span class='ocrx_word' id='word_1_124' title='bbox 2127 2048 2332 2103; x_wconf 90' lang='lat' dir='ltr'>Verisi-</span> 
     </span>
     <span class='ocr_line' id='line_1_26' title="bbox 708 2133 2326 2204; baseline -0.002 -15"><span class='ocrx_word' id='word_1_125' title='bbox 708 2134 862 2189; x_wconf 88' lang='lat' dir='ltr'>milia</span> <span class='ocrx_word' id='word_1_126' title='bbox 906 2134 1038 2189; x_wconf 91' lang='lat' dir='ltr'>licet</span> <span class='ocrx_word' id='word_1_127' title='bbox 1084 2141 1361 2190; x_wconf 90' lang='lat' dir='ltr'>memoret</span> <span class='ocrx_word' id='word_1_128' title='bbox 1404 2142 1459 2189; x_wconf 89' lang='lat' dir='ltr'>et</span> <span class='ocrx_word' id='word_1_129' title='bbox 1501 2142 1673 2198; x_wconf 52' lang='lat' dir='ltr'>vera,</span> <span class='ocrx_word' id='word_1_130' title='bbox 1700 2141 1896 2188; x_wconf 91' lang='lat' dir='ltr'>tamen</span> <span class='ocrx_word' id='word_1_131' title='bbox 1942 2133 2168 2204; x_wconf 86' lang='lat' dir='ltr'>expedit</span> <span class='ocrx_word' id='word_1_132' title='bbox 2214 2150 2326 2187; x_wconf 91' lang='lat' dir='ltr'>non</span> 
     </span>
     <span class='ocr_line' id='line_1_27' title="bbox 706 2219 2335 2291; baseline -0.002 -15"><span class='ocrx_word' id='word_1_133' title='bbox 706 2222 959 2277; x_wconf 86' lang='lat' dir='ltr'>excusari</span> <span class='ocrx_word' id='word_1_134' title='bbox 1030 2240 1157 2276; x_wconf 89' lang='lat' dir='ltr'>eam</span> <span class='ocrx_word' id='word_1_135' title='bbox 1222 2222 1293 2275; x_wconf 93' lang='lat' dir='ltr'>ab</span> <span class='ocrx_word' id='word_1_136' title='bbox 1358 2222 1666 2291; x_wconf 90' lang='lat' dir='ltr'>interprete</span> <span class='ocrx_word' id='word_1_137' title='bbox 1730 2219 2169 2286; x_wconf 90' lang='lat' dir='ltr'>conciliationis,</span> <span class='ocrx_word' id='word_1_138' title='bbox 2238 2220 2335 2274; x_wconf 89' lang='lat' dir='ltr'>sed</span> 
     </span>
     <span class='ocr_line' id='line_1_28' title="bbox 707 2307 2334 2377; baseline -0.001 -16"><span class='ocrx_word' id='word_1_139' title='bbox 707 2308 854 2361; x_wconf 88' lang='lat' dir='ltr'>serio</span> <span class='ocrx_word' id='word_1_140' title='bbox 901 2309 1119 2362; x_wconf 91' lang='lat' dir='ltr'>moneri</span> <span class='ocrx_word' id='word_1_141' title='bbox 1165 2309 1235 2362; x_wconf 91' lang='lat' dir='ltr'>de</span> <span class='ocrx_word' id='word_1_142' title='bbox 1282 2326 1490 2376; x_wconf 86' lang='lat' dir='ltr'>magno</span> <span class='ocrx_word' id='word_1_143' title='bbox 1542 2326 1654 2377; x_wconf 90' lang='lat' dir='ltr'>quo</span> <span class='ocrx_word' id='word_1_144' title='bbox 1699 2325 1838 2361; x_wconf 84' lang='lat' dir='ltr'>uxor</span> <span class='ocrx_word' id='word_1_145' title='bbox 1882 2314 2109 2361; x_wconf 90' lang='lat' dir='ltr'>tenetur</span> <span class='ocrx_word' id='word_1_146' title='bbox 2152 2307 2334 2362; x_wconf 88' lang='lat' dir='ltr'>officio</span> 
     </span>
     <span class='ocr_line' id='line_1_29' title="bbox 705 2392 2333 2464; baseline -0.001 -16"><span class='ocrx_word' id='word_1_147' title='bbox 705 2395 888 2449; x_wconf 90' lang='lat' dir='ltr'>virum</span> <span class='ocrx_word' id='word_1_148' title='bbox 921 2395 1241 2448; x_wconf 92' lang='lat' dir='ltr'>honorandi</span> <span class='ocrx_word' id='word_1_149' title='bbox 1268 2394 1737 2464; x_wconf 91' lang='lat' dir='ltr'>perpetiendique</span> <span class='ocrx_word' id='word_1_150' title='bbox 1777 2412 1965 2446; x_wconf 90' lang='lat' dir='ltr'>mores</span> <span class='ocrx_word' id='word_1_151' title='bbox 2004 2394 2144 2462; x_wconf 81' lang='lat' dir='ltr'>ejuS.</span> <span class='ocrx_word' id='word_1_152' title='bbox 2225 2392 2333 2446; x_wconf 90' lang='lat' dir='ltr'>Ad-</span> 
     </span>
     <span class='ocr_line' id='line_1_30' title="bbox 707 2473 2334 2551; baseline -0.002 -15"><span class='ocrx_word' id='word_1_153' title='bbox 707 2482 847 2537; x_wconf 91' lang='lat' dir='ltr'>dant</span> <span class='ocrx_word' id='word_1_154' title='bbox 892 2473 1317 2549; x_wconf 58' lang='lat' dir='ltr'>hanc‘feminis</span> <span class='ocrx_word' id='word_1_155' title='bbox 1369 2481 1697 2550; x_wconf 91' lang='lat' dir='ltr'>impositam</span> <span class='ocrx_word' id='word_1_156' title='bbox 1746 2498 1779 2534; x_wconf 92' lang='lat' dir='ltr'>a</span> <span class='ocrx_word' id='word_1_157' title='bbox 1826 2481 1951 2534; x_wconf 90' lang='lat' dir='ltr'>Deo</span> <span class='ocrx_word' id='word_1_158' title='bbox 1995 2480 2176 2551; x_wconf 85' lang='lat' dir='ltr'>legem</span> <span class='ocrx_word' id='word_1_159' title='bbox 2222 2479 2334 2550; x_wconf 92' lang='lat' dir='ltr'>ple·</span> 
     </span>
     <span class='ocr_line' id='line_1_31' title="bbox 705 2566 2330 2638; baseline 0 -17"><span class='ocrx_word' id='word_1_160' title='bbox 705 2585 944 2638; x_wconf 91' lang='lat' dir='ltr'>rumque</span> <span class='ocrx_word' id='word_1_161' title='bbox 1005 2566 1077 2620; x_wconf 90' lang='lat' dir='ltr'>ab</span> <span class='ocrx_word' id='word_1_162' title='bbox 1130 2566 1267 2637; x_wconf 88' lang='lat' dir='ltr'>ipsis</span> <span class='ocrx_word' id='word_1_163' title='bbox 1334 2566 1531 2622; x_wconf 91' lang='lat' dir='ltr'>violari</span> <span class='ocrx_word' id='word_1_164' title='bbox 1582 2568 1713 2633; x_wconf 69' lang='lat' dir='ltr'>{non</span> <span class='ocrx_word' id='word_1_165' title='bbox 1781 2566 2163 2636; x_wconf 81' lang='lat' dir='ltr'>opinantibuS,</span> <span class='ocrx_word' id='word_1_166' title='bbox 2217 2584 2330 2637; x_wconf 88' lang='lat' dir='ltr'>prae</span> 
     </span>
     <span class='ocr_line' id='line_1_32' title="bbox 704 2654 2332 2725; baseline -0.001 -16"><span class='ocrx_word' id='word_1_167' title='bbox 704 2654 802 2709; x_wconf 87' lang='lat' dir='ltr'>irae</span> <span class='ocrx_word' id='word_1_168' title='bbox 847 2655 1272 2725; x_wconf 90' lang='lat' dir='ltr'>perturbatione</span> <span class='ocrx_word' id='word_1_169' title='bbox 1314 2664 1412 2709; x_wconf 89' lang='lat' dir='ltr'>aut</span> <span class='ocrx_word' id='word_1_170' title='bbox 1458 2655 1711 2719; x_wconf 78' lang='lat' dir='ltr'>affectUS,</span> <span class='ocrx_word' id='word_1_171' title='bbox 1757 2654 2044 2724; x_wconf 91' lang='lat' dir='ltr'>nimiaque</span> <span class='ocrx_word' id='word_1_172' title='bbox 2090 2673 2206 2709; x_wconf 87' lang='lat' dir='ltr'>suae</span> <span class='ocrx_word' id='word_1_173' title='bbox 2250 2655 2332 2708; x_wconf 90' lang='lat' dir='ltr'>in-</span> 
     </span>
     <span class='ocr_line' id='line_1_33' title="bbox 705 2740 2333 2811; baseline 0 -15"><span class='ocrx_word' id='word_1_174' title='bbox 705 2742 985 2796; x_wconf 86' lang='lat' dir='ltr'>nocentiae</span> <span class='ocrx_word' id='word_1_175' title='bbox 1037 2742 1262 2806; x_wconf 91' lang='lat' dir='ltr'>fiducia,</span> <span class='ocrx_word' id='word_1_176' title='bbox 1317 2742 1453 2796; x_wconf 90' lang='lat' dir='ltr'>dum</span> <span class='ocrx_word' id='word_1_177' title='bbox 1506 2742 1612 2795; x_wconf 90' lang='lat' dir='ltr'>sibi</span> <span class='ocrx_word' id='word_1_178' title='bbox 1656 2741 1783 2811; x_wconf 93' lang='lat' dir='ltr'>plus</span> <span class='ocrx_word' id='word_1_179' title='bbox 1828 2759 1991 2810; x_wconf 86' lang='lat' dir='ltr'>aequo</span> <span class='ocrx_word' id='word_1_180' title='bbox 2036 2740 2227 2797; x_wconf 89' lang='lat' dir='ltr'>favent</span> <span class='ocrx_word' id='word_1_181' title='bbox 2280 2749 2333 2796; x_wconf 90' lang='lat' dir='ltr'>et</span> 
     </span>
     <span class='ocr_line' id='line_1_34' title="bbox 704 2829 2332 2900; baseline -0.002 -15"><span class='ocrx_word' id='word_1_182' title='bbox 704 2848 906 2886; x_wconf 86' lang='lat' dir='ltr'>causas</span> <span class='ocrx_word' id='word_1_183' title='bbox 948 2830 1283 2900; x_wconf 87' lang='lat' dir='ltr'>indignandi</span> <span class='ocrx_word' id='word_1_184' title='bbox 1325 2830 1458 2883; x_wconf 86' lang='lat' dir='ltr'>viris</span> <span class='ocrx_word' id='word_1_185' title='bbox 1501 2830 1759 2894; x_wconf 86' lang='lat' dir='ltr'>offerunt,</span> <span class='ocrx_word' id='word_1_186' title='bbox 1805 2847 1933 2883; x_wconf 91' lang='lat' dir='ltr'>cum</span> <span class='ocrx_word' id='word_1_187' title='bbox 1977 2847 2075 2882; x_wconf 87' lang='lat' dir='ltr'>eos</span> <span class='ocrx_word' id='word_1_188' title='bbox 2117 2829 2332 2899; x_wconf 88' lang='lat' dir='ltr'>patien-</span> 
     </span>
     <span class='ocr_line' id='line_1_35' title="bbox 700 2916 2326 2986; baseline -0.002 -15"><span class='ocrx_word' id='word_1_189' title='bbox 700 2917 799 2982; x_wconf 91' lang='lat' dir='ltr'>tia,</span> <span class='ocrx_word' id='word_1_190' title='bbox 841 2917 1203 2980; x_wconf 91' lang='lat' dir='ltr'>demissione,</span> <span class='ocrx_word' id='word_1_191' title='bbox 1245 2916 1518 2986; x_wconf 86' lang='lat' dir='ltr'>obsequio</span> <span class='ocrx_word' id='word_1_192' title='bbox 1567 2916 1814 2970; x_wconf 89' lang='lat' dir='ltr'>delinere</span> <span class='ocrx_word' id='word_1_193' title='bbox 1853 2933 1920 2969; x_wconf 90' lang='lat' dir='ltr'>ac</span> <span class='ocrx_word' id='word_1_194' title='bbox 1958 2916 2183 2984; x_wconf 89' lang='lat' dir='ltr'>placare</span> <span class='ocrx_word' id='word_1_195' title='bbox 2235 2916 2326 2969; x_wconf 90' lang='lat' dir='ltr'>de-</span> 
     </span>
     <span class='ocr_line' id='line_1_36' title="bbox 698 3003 2325 3074; baseline -0.003 -16"><span class='ocrx_word' id='word_1_196' title='bbox 698 3005 959 3058; x_wconf 88' lang='lat' dir='ltr'>buerant.</span> <span class='ocrx_word' id='word_1_197' title='bbox 1037 3005 1225 3074; x_wconf 75' lang='lat' dir='ltr'>Quare</span> <span class='ocrx_word' id='word_1_198' title='bbox 1270 3003 1424 3073; x_wconf 89' lang='lat' dir='ltr'>ipsas</span> <span class='ocrx_word' id='word_1_199' title='bbox 1474 3021 1578 3072; x_wconf 91' lang='lat' dir='ltr'>par</span> <span class='ocrx_word' id='word_1_200' title='bbox 1629 3003 1701 3056; x_wconf 89' lang='lat' dir='ltr'>sit</span> <span class='ocrx_word' id='word_1_201' title='bbox 1752 3019 2020 3056; x_wconf 89' lang='lat' dir='ltr'>accusare</span> <span class='ocrx_word' id='word_1_202' title='bbox 2073 3020 2151 3067; x_wconf 93' lang='lat' dir='ltr'>se,</span> <span class='ocrx_word' id='word_1_203' title='bbox 2203 3010 2325 3056; x_wconf 88' lang='lat' dir='ltr'>tum</span> 
     </span>
     <span class='ocr_line' id='line_1_37' title="bbox 701 3088 2327 3165; baseline -0.001 -19"><span class='ocrx_word' id='word_1_204' title='bbox 701 3109 927 3165; x_wconf 87' lang='lat' dir='ltr'>quoque</span> <span class='ocrx_word' id='word_1_205' title='bbox 965 3109 1095 3147; x_wconf 90' lang='lat' dir='ltr'>cum</span> <span class='ocrx_word' id='word_1_206' title='bbox 1136 3109 1238 3148; x_wconf 92' lang='lat' dir='ltr'>sua</span> <span class='ocrx_word' id='word_1_207' title='bbox 1277 3089 1399 3145; x_wconf 90' lang='lat' dir='ltr'>illas</span> <span class='ocrx_word' id='word_1_208' title='bbox 1437 3089 1661 3146; x_wconf 88' lang='lat' dir='ltr'>videtur</span> <span class='ocrx_word' id='word_1_209' title='bbox 1705 3089 1996 3146; x_wconf 88' lang='lat' dir='ltr'>absolvere</span> <span class='ocrx_word' id='word_1_210' title='bbox 2034 3088 2327 3148; x_wconf 82' lang='lat' dir='ltr'>conscien-</span> 
     </span>
    </p>
   </div>
   <div class='ocr_carea' id='block_1_9' title="bbox 0 3597 2660 3748">
    <p class='ocr_par' dir='ltr' id='par_1_10' title="bbox 0 3597 2660 3748">
     <span class='ocr_line' id='line_1_38' title="bbox 0 3597 2660 3748; baseline 0 6"><span class='ocrx_word' id='word_1_211' title='bbox 0 3597 2660 3748; x_wconf 95' lang='lat' dir='ltr'> </span> 
     </span>
    </p>
   </div>
  </div>
 </body>
</html>
