2639 3798
746 489 927 525 LrssER
965 489 1042 526 v1.
1066 490 1447 530 -EP1sroLA
1487 492 1560 530 1x.
1889 481 1958 549 69

349 644 464 696 per,
502 642 606 680 nec
643 625 753 680 ulla
793 628 937 681 tanti
980 630 1237 683 avocatio
1263 630 1349 681 vel
1377 630 1676 701 occupatio
1712 631 1801 695 sit,
1831 651 1957 703 quae

348 725 404 770 te
447 712 744 784 prohibeat
789 713 1027 769 solidam
1073 723 1210 785 quot
1257 716 1454 772 diebus
1499 718 1697 773 horam
1744 721 1959 776 Christi

352 800 582 856 Domini
643 803 821 855 nostri
881 803 1012 856 vitae
1064 804 1438 856 sanctissimae
1489 804 1580 874 pie
1646 806 1959 862 recolendae

349 887 636 942 addicere:
701 887 760 940 in
828 906 939 958 quo
1005 887 1235 944 habebit
1301 892 1768 948 commoditatem
1836 894 1961 948 haec

350 993 517 1047 quarn
559 975 777 1027 institui
819 974 1068 1043 partitio,
1112 984 1173 1029 ut
1215 976 1368 1031 horae
1411 977 1710 1034 dimidium
1753 997 1821 1036 ex
1860 997 1958 1037 an-

348 1060 718 1116 temeridiano
768 1069 1041 1130 tempore,
1093 1063 1451 1116 tantumdem
1495 1082 1525 1116 e
1567 1065 1960 1134 pomeridiano

349 1149 405 1201 in
432 1146 489 1200 id
516 1164 776 1216 seponaS.
855 1148 1198 1216 Expeditum
1227 1150 1299 1202 ad
1320 1148 1428 1203 hoc
1455 1149 1572 1205 fore
1598 1170 1715 1222 prae
1741 1153 1963 1207 caeteris

347 1234 567 1289 videtur
615 1232 671 1286 id
724 1233 970 1303 spatium
1031 1252 1162 1303 quo,
1222 1243 1489 1304 vergente
1540 1239 1612 1292 ad
1662 1255 1958 1310 vesperam

349 1321 455 1386 die,
500 1321 668 1374 Pater
707 1339 952 1391 quocum
996 1320 1152 1390 degis
1197 1322 1536 1378 Franciscus
1579 1325 1753 1380 Perez
1795 1324 1957 1382 scho-

347 1408 457 1460 lam
516 1407 687 1460 habet
748 1407 1185 1463 catecheticam:
1250 1417 1387 1464 tunc
1435 1410 1538 1465 tibi
1588 1412 1814 1468 vacabit
1864 1431 1955 1468 ve·

349 1494 610 1562 spertinae
637 1493 731 1548 isti
758 1494 1001 1547 orationi
1028 1496 1339 1549 attendere.

418 1582 606 1634 Noctu
657 1586 962 1650 antequam
1015 1597 1237 1635 sommo
1281 1589 1338 1637 te
1384 1585 1579 1650 dedas,
1632 1603 1775 1640 voca
1825 1603 1957 1640 con·

348 1668 640 1721 scientiam
668 1669 741 1721 ad
770 1668 1031 1731 calculos,
1072 1668 1359 1737 inquirens
1386 1670 1445 1722 in
1477 1670 1744 1739 cogitata,
1784 1672 1956 1736 dicta,

347 1756 493 1809 facta
555 1755 666 1809 diei
728 1755 922 1818 totius,
987 1755 1282 1823 explorans
1345 1774 1569 1826 quoque
1625 1776 1762 1810 num
1820 1758 1956 1828 quid

348 1845 602 1899 omiseris
628 1844 780 1913 quod
806 1842 1092 1895 debuisset
1119 1862 1152 1895 a
1178 1849 1234 1896 te
1261 1842 1398 1896 fieri.
1478 1843 1572 1898 Sic
1613 1851 1818 1901 cuncta
1845 1843 1955 1900 dis-

349 1928 564 1984 cutiens
606 1929 765 1997 quasi
793 1946 924 1982 mox
970 1930 1364 1982 sacramentali
1407 1928 1761 1983 confessione
1802 1931 1953 1998 apud

348 2017 696 2072 sacerdotem
737 2023 1076 2085 purgaturus
1117 2016 1387 2079 animum,
1417 2033 1606 2070 acrem
1634 2017 1807 2079 etiam
1834 2035 1953 2087 poe-

348 2106 641 2162 nitentiam
683 2122 978 2176 perperam
1020 2111 1275 2157 actorum
1304 2111 1401 2157 aut
1430 2103 1575 2156 male
1615 2103 1953 2173 praetermis·

348 2211 552 2258 sorum,
586 2213 653 2247 ex
679 2211 850 2247 causa
894 2193 1001 2246 Dei
1043 2210 1209 2261 quem
1254 2210 1474 2245 summe
1515 2191 1716 2262 diligas
1756 2190 1953 2247 offensi

348 2281 671 2351 concipiens
685 2299 698 2344 ;
738 2288 860 2334 tum
908 2279 1199 2332 Christum
1239 2281 1436 2349 Jesum
1480 2280 1641 2333 enixe
1682 2283 1852 2332 orans
1892 2287 1955 2333 ut

348 2366 600 2435 ignoscat
620 2368 741 2432 tibi,
764 2367 1335 2435 emendationemque
1361 2365 1650 2434 pollicens,
1694 2365 1955 2435 Denique

348 2455 581 2507 recitato
615 2456 776 2507 Pater
810 2462 865 2507 et
900 2455 1015 2506 Ave
1050 2454 1129 2506 sic
1157 2462 1214 2507 te
1241 2471 1550 2522 compones
1585 2453 1657 2506 ad
1685 2452 1954 2523 quietem,

348 2547 406 2593 ut
434 2541 623 2594 divina
664 2540 956 2609 cogitanti,
999 2539 1262 2609 diemque
1306 2547 1596 2608 posterum
1641 2539 1955 2609 transigere

348 2628 595 2681 sanctius
622 2628 846 2696 paranti
875 2645 1043 2697 sopor
1069 2627 1322 2696 obrepat.

281 2786 283 2788 v
416 2716 828 2786 Expergiscens
869 2714 1160 2786 postridie,
1205 2721 1394 2769 mente
1431 2715 1701 2769 continuo
1728 2731 1950 2768 sursum

347 2811 547 2867 erecta,
591 2805 726 2857 dum
771 2811 957 2857 vestes
999 2820 1205 2867 sumeS,
1250 2804 1384 2856 dum
1429 2820 1630 2856 manus
1657 2820 1724 2855 ac
1751 2802 1953 2855 faciem

343 2886 571 2955 lavabiS,
600 2891 874 2944 memoria
909 2880 1163 2959 repetitis
1197 2889 1338 2943 lucis
1364 2889 1642 2944 hesternae
1682 2889 1955 2959 lapsibuS,

344 2983 500 3042 petes
527 2996 559 3031 a
588 2978 817 3033 Christo
862 2978 1104 3048 gratiam
1148 2996 1244 3031 eos
1286 2976 1455 3031 hodie
1499 2977 1733 3030 vitandi.
1814 2978 1956 3031 Inde

348 3063 712 3117 meditatione
739 3066 1021 3119 matutina
1049 3065 1386 3134 defungaris,
1411 3066 1492 3121 uti
1513 3065 1693 3134 pridie
1720 3064 1958 3131 feceraS,

346 3155 512 3219 atque
562 3154 633 3206 ad
697 3155 960 3206 eumdem
1026 3151 1259 3204 modum
1322 3150 1535 3220 reliqua
1597 3151 1958 3207 continenter

346 3251 643 3307 exequare;
710 3240 767 3301 in
819 3240 1039 3311 hocque
1090 3241 1220 3293 vitae
1272 3241 1467 3293 ordine
1517 3249 1636 3292 tam
1689 3245 1958 3292 constans
