2639 3798
628 430 811 469 LIBER
849 429 976 468 VIII.
1000 443 1072 451 -·-
1093 429 1386 469 EPISTOLA
1423 431 1516 468 XV.
1787 419 1891 472 261

264 579 449 626 tutum
492 570 644 623 aliud
686 570 1013 634 innotuerit,
1058 578 1181 624 turn
1228 569 1397 638 hujus
1445 570 1720 635 Familiae,
1764 579 1889 625 tum

264 667 594 714 caeterarum
663 658 966 712 Societatis
1031 658 1343 713 stationum
1402 677 1435 711 a
1490 658 1891 713 Promontorio

264 751 425 802 Bonae
467 748 593 817 Spei
634 765 812 815 usque
858 748 929 800 ad
977 756 1293 801 extremum
1342 746 1657 811 Orientem,
1705 748 1889 816 provi-

264 830 516 887 dentiam
561 839 738 901 gerat,
786 831 989 902 cuique
1035 839 1096 886 ut
1143 830 1416 901 superiori
1463 830 1642 885 nostri
1688 849 1892 886 omnes
1942 896 1944 898 v

265 920 604 983 sacerdoteS,
660 920 846 973 clerici
900 930 997 974 aut
1050 920 1176 973 laici
1230 919 1459 972 obedire
1512 919 1571 972 in
1623 920 1891 974 omnibus

267 1007 527 1061 debeant.
827 1007 830 1010 '

336 1094 395 1148 Si
432 1112 566 1163 ergo
612 1094 763 1147 Patri
813 1094 1088 1164 Magistro
1134 1093 1376 1163 Gaspari
1421 1093 1754 1147 humanitus
1796 1094 1893 1147 ali-

263 1180 394 1249 quid
447 1180 611 1248 quale
669 1180 783 1233 dixi
836 1181 1211 1248 contingeret,
1267 1187 1453 1234 rector
1505 1188 1628 1234 esto
1686 1181 1893 1234 domus

262 1269 426 1337 hujus
481 1267 710 1320 Manuel
778 1268 847 1319 de
903 1266 1166 1320 Morales.
1262 1268 1345 1319 Ac
1413 1266 1460 1318 si
1513 1286 1580 1319 eo
1632 1274 1892 1336 ternpore

261 1356 389 1407 hinc
430 1356 596 1418 absit,
639 1363 963 1407 accersatur
1002 1355 1217 1417 statim,
1249 1363 1310 1407 ut
1350 1354 1461 1407 huc
1494 1372 1554 1406 se
1593 1354 1892 1407 conferens

262 1440 547 1510 regiminis
593 1440 1014 1509 possessionem
1067 1442 1253 1505 adeat,
1303 1448 1359 1493 et
1399 1441 1521 1510 jam
1568 1448 1707 1494 tunc
1753 1441 1891 1493 inci-

261 1528 415 1597 piant
481 1529 678 1581 Patres
730 1537 785 1582 et
841 1530 1073 1582 Fratres
1105 1516 1372 1582 ¹universi
1424 1537 1544 1583 tam
1600 1530 1742 1583 Goae
1796 1529 1890 1582 de-

261 1622 456 1685 gentes
500 1634 672 1685 quam
715 1616 866 1679 alibi,
908 1617 959 1668 ei
1000 1617 1393 1685 obtemperare
1436 1625 1712 1685 tanquam
1756 1635 1890 1668 vero

262 1709 594 1756 cunctorum
636 1710 691 1757 et
724 1703 979 1772 legitimo
1019 1704 1242 1757 rectori.
1323 1705 1524 1773 Quoad
1567 1712 1758 1757 autem
1799 1704 1891 1756 ille

261 1788 492 1852 venerit,
558 1789 750 1858 praesit
800 1790 922 1842 vice
971 1791 1207 1843 rectoris
1276 1792 1444 1843 Pater
1511 1791 1738 1854 Paulus,
1794 1792 1888 1859 qui

265 1875 413 1927 Patri
464 1876 712 1928 Manueli
760 1878 829 1929 de
879 1877 1124 1929 Morales
1175 1877 1370 1930 statim
1417 1883 1589 1945 atque
1635 1876 1746 1931 huc
1792 1879 1888 1932 ad-

260 1963 474 2015 venerit
534 1964 786 2032 regimen
831 1965 1096 2032 resignet,
1128 1972 1182 2016 et
1217 1964 1293 2014 illi
1337 1964 1482 2015 sicut
1526 1964 1725 2032 reliqui
1769 1983 1887 2016 om-

262 2065 357 2100 nes
400 2050 578 2102 nostri
622 2050 888 2116 deinceps
930 2050 1051 2117 ipse
1094 2067 1319 2117 quoque
1362 2050 1653 2116 subjectus
1696 2050 1788 2102 sit.

328 2135 409 2188 Ac
453 2134 499 2188 si
541 2134 629 2188 vel
671 2142 979 2204 antequam
1027 2134 1497 2203 gubernationem
1541 2143 1882 2203 capesseret,

259 2222 342 2272 vel
385 2230 515 2290 post
567 2241 693 2274 earn
747 2222 966 2285 initam,
1015 2223 1165 2274 idem
1219 2222 1309 2273 ille
1358 2221 1587 2272 Manuel
1636 2221 1883 2273 Morales

261 2315 436 2361 morte
501 2308 944 2372 subtraheretur,
999 2318 1136 2361 tunc
1189 2317 1374 2361 rector
1431 2316 1553 2360 esto
1610 2308 1886 2375 Magister

262 2394 532 2449 Melchior
561 2396 909 2460 Nunnezius,
953 2414 1122 2465 quem
1161 2395 1281 2464 pari
1317 2396 1441 2464 jure
1481 2394 1703 2447 cunctis
1742 2413 1882 2464 prae—

259 2481 503 2547 positum
550 2483 669 2551 jam
718 2501 868 2535 nunc
915 2483 1202 2535 constituo
1249 2490 1303 2534 et
1352 2481 1583 2549 agnosci
1636 2481 1783 2545 volo,
1833 2482 1879 2534 si

257 2566 395 2622 forte
449 2571 573 2622 Deo
620 2568 867 2638 placeret
924 2570 1153 2621 Patrem
1209 2571 1524 2637 Gasparem
1581 2568 1879 2621 Barzaeum

257 2661 308 2705 et
356 2657 680 2708 Manuelem
726 2657 796 2707 de
845 2656 1090 2707 Morales
1143 2656 1215 2707 ad
1267 2654 1768 2722 paradisivgaudia
1814 2673 1882 2707 ex

257 2737 358 2793 hac
399 2742 515 2795 vita
557 2741 880 2805 transferre,
925 2750 1236 2810 antequam
1283 2742 1451 2793 Pater
1493 2747 1687 2792 noster
1732 2741 1878 2794 Prae-

257 2828 471 2891 positus
525 2830 820 2882 Generalis
876 2829 1181 2881 Societatis
1227 2830 1363 2899 Jesu
1417 2834 1696 2879 rectorem
1750 2827 1882 2880 huic

263 2914 494 2982 collegio
541 2915 905 2983 praefecisset.

330 3001 472 3055 Haec
514 3021 682 3071 porro
722 3002 802 3056 ita
841 3002 1035 3070 putavi
1079 3002 1453 3064 decernenda,
1495 3009 1618 3054 tum
1657 3007 1717 3054 ut
1758 3000 1882 3053 aliis

260 3084 480 3140 obviam
527 3097 688 3141 eatur
735 3089 898 3139 malis
950 3107 1075 3156 quae
1122 3088 1253 3138 inde
1306 3087 1437 3137 oriri
1481 3104 1725 3154 pronum
1774 3095 1879 3148 est,

259 3175 376 3227 turn
427 3182 487 3230 ut
532 3176 742 3231 vitetur
794 3177 1106 3230 necessitas
1158 3175 1541 3242 congregandi
1593 3192 1770 3228 unum
1824 3175 1882 3227 in
