2665 3754
208 3418 214 3421 ‘-
212 3401 214 3411 -Α
211 3357 223 3381 -τ
205 3213 222 3352 -*ss(-T÷„³-*-⁴s‘“.
208 3165 220 3218 2:²2⁷-

758 319 864 387 388
1176 337 1358 375 LIBER
1400 338 1473 376 1x.
1506 336 1892 375 —EPISTOLA
1933 337 1985 375 x.

761 486 818 531 te
873 479 1118 543 Comani,
1173 487 1269 533 aut
1324 479 1381 532 in
1433 478 1543 532 alio
1594 479 1783 550 aliquo
1831 477 2237 531 Cantoniensis
2283 491 2394 533 orae

756 572 943 633 portu.

834 654 1075 706 Annuat
1114 653 1332 707 utinam
1373 654 1427 707 id
1467 655 1650 707 Deus:
1696 672 1868 725 quam
1905 652 2153 707 suaviter
2188 651 2396 728 ample-

752 758 1025 796 xaremur
1065 759 1169 796 nos
1211 750 1427 807 mutuo,
1470 743 1619 798 intra
1667 742 1862 813 utique
1906 742 2058 797 illam
2106 749 2192 797 tot
2227 743 2396 798 *nobis

754 829 1077 898 expetitam
1124 831 1273 884 votis
1322 831 1588 884 Sinarum
1641 839 1850 884 terram
1905 830 2148 884 invicem
2202 848 2392 884 oecur-

758 918 975 971 rentes!

834 1004 935 1057 Sin
980 1005 1104 1058 Deo
1145 1004 1299 1058 aliud
1342 1005 1547 1073 placet,
1593 1014 1649 1059 et
1691 1005 1861 1059 visuri
1903 1005 2146 1073 amplius
2190 1005 2247 1059 in
2287 1004 2393 1060 hac

756 1090 872 1143 vita
912 1109 1027 1143 non
1068 1112 1265 1143 sumus
1302 1091 1450 1144 inter
1486 1112 1609 1154 nos,
1649 1101 1707 1144 at
1744 1113 1843 1161 per
1879 1112 2040 1145 suam
2079 1090 2390 1145 misericor-

756 1179 910 1232 diam
946 1180 1288 1233 immensam
1322 1182 1634 1234 concedere
1662 1181 1925 1250 dignetur
1951 1180 2392 1250 benignissimus

758 1272 952 1318 noster
991 1272 1047 1318 et
1088 1282 1275 1318 rerum
1317 1266 1574 1319 omnium
1621 1266 1905 1319 Dominus
1945 1266 2249 1319 convenire
2289 1282 2393 1319 nos

758 1351 960 1403 ambos
1024 1350 1334 1421 aliquando
1399 1351 1457 1402 in
1525 1352 1647 1421 ejus
1715 1351 1969 1404 Paradisi
2036 1350 2231 1420 gloria,
2298 1349 2391 1403 ubi

760 1454 987 1492 summo
1020 1456 1151 1492 cum
1181 1440 1389 1507 gaudio
1423 1441 1544 1492 sine
1573 1441 1685 1492 ullo
1713 1442 1826 1492 fine
1855 1440 2104 1492 visemus
2131 1439 2391 1491 invicem.

762 1523 921 1577 Vale.

836 1614 885 1666 E
933 1613 1223 1667 Sanciano
1262 1615 1400 1667 XII.
1444 1613 1566 1667 Kal.
1610 1613 1950 1668 Novembris
1990 1613 2094 1666 An.
2133 1612 2391 1666 MDLII.

840 1757 1182 1811 Franciscus
1246 1758 1317 1810 de
1376 1757 1523 1809 Villa
1583 1765 1754 1809 navat
1812 1756 1914 1809 tibi
1975 1773 2147 1824 quam
2204 1763 2392 1824 potest
2464 1768 2467 1771 ’

759 1845 1063 1899 utilissime
1092 1862 1325 1914 operam
1363 1844 1419 1896 in
1449 1844 1596 1897 navi.
1642 1843 2064 1897 Testimonium
2102 1842 2179 1894 illi
2217 1843 2394 1895 debeo

760 1930 1072 2001 gratissimi
1137 1948 1270 2000 erga
1333 1937 1389 1984 te
1455 1930 1651 1983 animi.
1733 1930 1928 1983 Palam
2001 1929 2275 1998 praedicat
2340 1935 2394 1982 te

758 2027 1052 2072 auctorem
1074 2018 1316 2071 fortunae
1345 2036 1411 2071 ac
1440 2025 1624 2071 status
1652 2018 1756 2081 sui,
1780 2025 1835 2071 et
1863 2017 2203 2070 beneficium
2232 2024 2392 2069 tuum

758 2124 882 2159 esse
922 2106 1075 2175 quod
1117 2123 1325 2175 panem
1366 2104 1522 2158 domi
1565 2104 1791 2157 habeat.
1873 2106 2063 2157 Iturus
2104 2104 2176 2156 ad
2216 2111 2273 2157 te
2311 2110 2394 2156 est

756 2213 886 2248 cum
938 2193 1202 2246 Manuele
1255 2193 1325 2245 de
1374 2192 1598 2246 Chaves
1650 2192 1893 2262 petitum
1938 2191 2185 2254 veniam,
2240 2190 2389 2261 quod

757 2280 868 2336 huc
921 2280 1137 2335 venerit
1201 2296 1314 2333 non
1374 2279 1681 2347 impetrato
1739 2279 1796 2331 in
1856 2279 1912 2332 id
1969 2286 2069 2332 tuo
2127 2294 2389 2339 assensu;

757 2369 856 2422 sed
894 2368 939 2421 si
974 2388 1085 2437 qua
1121 2367 1177 2420 in
1213 2387 1280 2420 eo
1318 2365 1483 2435 culpa
1518 2374 1624 2430 est,
1661 2386 1788 2419 mea
1815 2373 1919 2419 est.
2002 2366 2217 2419 Iterum
2251 2362 2388 2418 vale.

908 2552 1067 2606 Tuus
1113 2568 1278 2605 verus
1325 2569 1391 2604 ex
1438 2551 1631 2604 animo
1679 2550 1913 2612 amiCUS,

1922 2736 2323 2789 FRANCISCU5.
