2649 3754
532 352 635 388 220
914 351 1096 387 LIBER
1136 351 1263 387 VIII.
1286 366 1358 372 —
1381 350 1674 387 EPISTOLA
1714 351 1791 386 VI.

527 514 670 563 gans
724 495 1085 562 singulariter
1137 496 1444 546 eminendi.
1528 496 1742 547 Multos
1795 513 1824 547 e
1880 496 2173 549 Societate

528 582 717 634 dimisi
760 600 826 634 ex
867 598 979 650 quo
1009 601 1038 633 e
1079 582 1327 653 Japonia
1368 582 1526 645 redii,
1570 583 1703 650 quia
1743 600 1840 634 eos
1883 583 1992 635 isto
2033 583 2172 635 vitio

528 669 675 721 inter
726 669 836 720 alia
890 668 1133 720 infectos
1181 668 1380 734 reperi.
1461 669 1710 720 Attende
1758 669 1860 720 tibi
1909 688 1974 720 ac
2023 670 2171 720 solli-

528 756 637 807 cite
683 774 819 807 cave
862 774 930 806 ne
972 756 1107 823 quid
1150 755 1481 806 committas
1526 756 1597 806 ob
1641 757 1792 823 quod
1838 765 1897 808 tu
1945 775 2174 825 quoque

528 843 854 895 dimittaris.
939 844 1019 896 Ut
1061 860 1126 893 ea
1168 861 1279 910 qua
1327 860 1429 909 par
1479 851 1563 895 est
1605 842 1781 894 animi
1824 843 2172 897 demissione

529 930 586 981 in
636 931 927 981 Societate
974 930 1148 989 vivas,
1198 937 1388 980 tecum
1437 936 1637 995 reputa
1691 938 1908 995 quanto
1954 937 2016 980 tu
2067 931 2168 981 So-

528 1015 736 1068 cietate
782 1015 909 1083 plus
954 1033 1139 1082 egeaS,
1185 1033 1357 1082 quam
1405 1014 1662 1066 Societas
1705 1022 1781 1066 te.
1864 1015 2172 1082 Propterea

527 1102 693 1170 vigila
752 1120 993 1170 semper,
1045 1119 1148 1153 nec
1191 1101 1273 1153 tui
1322 1119 1573 1169 unquam
1640 1101 1990 1164 obliviscere,
2035 1120 2168 1154 narn

527 1188 830 1239 immemor
883 1188 968 1238 sui
1023 1188 1118 1255 qui
1173 1196 1433 1254 speretur
1485 1204 1705 1239 memor
1759 1187 1980 1239 futurus
2034 1189 2168 1240 aiio-

527 1275 688 1326 rum?
753 1274 879 1325 Hos
927 1274 1026 1325 tibi
1084 1291 1279 1325 versus
1327 1291 1496 1325 exaro
1544 1273 1798 1326 dictante
1846 1292 2041 1326 amore
2086 1275 2169 1327 tui

523 1377 657 1412 vero
711 1360 1064 1428 sinceroque,
1134 1360 1542 1428 instigantibus
1608 1359 1763 1412 laevis
1829 1359 1921 1413 hic
1987 1361 2168 1414 incre-

526 1448 920 1499 brescentibus
1008 1448 1224 1499 nuntiis
1300 1447 1452 1499 haud
1520 1456 1747 1500 tantum
1804 1448 1858 1500 in
1923 1456 1979 1502 te
2051 1465 2169 1501 mo-

528 1537 706 1587 destae
770 1535 1153 1598 demissionis,
1218 1542 1444 1587 tantum
1500 1534 1842 1587 obedientiae
1896 1535 2170 1604 conspici,

530 1632 745 1691 quanto
792 1630 941 1674 esset
990 1641 1133 1689 opus
1181 1622 1252 1674 ad
1301 1611 1589 1689 publicum
1645 1622 1771 1674 istic
1827 1623 2170 1691 exemplum.

605 1710 876 1763 Mandavi
927 1710 1205 1778 Magistro
1255 1710 1499 1777 Gaspari
1550 1718 1609 1761 ut
1654 1711 1725 1761 ad
1769 1718 1825 1761 te
1870 1711 2169 1771 scriberet;

527 1817 699 1850 causa
740 1798 1051 1849 mandandi
1093 1798 1214 1859 fuit,
1259 1798 1410 1865 quod
1452 1815 1580 1849 cum
1613 1798 1658 1848 is
1686 1815 1851 1849 usum
1896 1815 2167 1865 magnum

526 1885 689 1936 istius
732 1885 918 1952 gentis
961 1893 1133 1952 atque
1177 1884 1330 1935 urbis
1378 1881 1833 1935 commoratione
1877 1883 1952 1935 ibi
1996 1883 2167 1951 longa

526 1971 827 2039 paraverit,
895 1971 1195 2038 sperabam
1256 1989 1423 2038 posse
1469 1969 1632 2022 illum
1687 1969 1788 2022 tibi
1844 1978 2168 2039 opportuna

527 2067 582 2111 et
641 2059 904 2126 perutilia
970 2075 1268 2125 suggerere
1336 2058 1405 2109 ad
1474 2076 1591 2109 rem
1660 2057 1770 2110 illic
1836 2058 2165 2125 gerendam,

529 2156 695 2214 prout
749 2147 820 2198 ad
878 2146 1061 2214 majus
1127 2146 1232 2198 Dei
1291 2146 1523 2197 Domini
1589 2146 1767 2198 nostri
1833 2146 2171 2214 obsequium

527 2229 802 2302 expedit(
880 2234 1164 2303 Quocirca
1223 2234 1426 2286 litteris
1479 2234 1602 2303 ejus
1655 2252 1758 2303 par
1812 2234 2173 2287 auctoritatis

526 2324 751 2392 pondus
794 2341 860 2375 ac
908 2323 1046 2374 meis
1093 2323 1333 2384 tribues;
1393 2322 1526 2391 quin
1572 2322 1639 2375 iis
1687 2322 1767 2376 sic
1815 2331 2089 2391 tanquam
2137 2339 2170 2375 a

528 2428 618 2463 me
661 2411 887 2478 scriptis
929 2410 1167 2472 deferaS,
1207 2418 1261 2463 et
1301 2411 1452 2478 quod
1495 2410 1828 2477 praecipient
1871 2410 2167 2478 exequaris

527 2498 721 2566 jubeo.

604 2587 690 2636 Ne
729 2585 1060 2636 tractationi
1102 2586 1600 2635 matrimoniorum
1642 2585 1892 2635 intricari
1928 2594 1984 2637 te
2014 2586 2168 2637 sinas

528 2690 761 2731 mone03
821 2690 962 2721 neve
1005 2671 1147 2732 illos,
1194 2672 1288 2737 qui
1333 2671 1690 2722 clandestina
1737 2671 1988 2723 inierunt
2034 2689 2168 2723 con-

521 2758 698 2825 jugia,
753 2758 1016 2809 absolvas
1076 2776 1327 2824 unquam
1383 2758 1503 2808 sine
1556 2776 1824 2824 expresso
1891 2759 2167 2810 mandato

528 2863 594 2896 ac
641 2846 791 2896 bona
837 2844 1003 2896 venia
1051 2844 1438 2911 proepiscopi;
1502 2853 1556 2895 et
1605 2844 1713 2895 hoc
1762 2853 1820 2895 ut
1869 2844 1948 2896 ita
1995 2844 2172 2896 facias

532 2931 743 2980 mando
787 2930 889 2980 tibi
938 2931 990 2981 in
1036 2931 1244 2981 virtute
1291 2942 1505 2982 sanctae
1551 2931 1914 2983 obedientiae.

604 3019 850 3085 Quando
895 3019 1170 3084 Magister
1212 3019 1437 3084 Gaspar
1478 3018 1575 3069 ivit
1606 3019 1954 3080 Armuziam,
1986 3026 2172 3070 certas

530 3103 604 3155 illi
660 3102 882 3171 regulas
947 3102 1268 3171 praescripsi
1335 3122 1574 3173 quarum
1630 3102 1742 3158 illic
1796 3106 2031 3159 ductum
2089 3123 2171 3157 se-
