2639 3798
765 381 947 420 LIBER
986 382 1089 418 vn.
1111 396 1182 402 —-—
1204 382 1496 418 EPISTOLA
1539 383 1575 416 1.
1918 368 1985 432 89

357 539 470 581 non
534 517 856 588 intelligunt
921 517 1185 571 homines
1247 524 1480 587 quanta,
1546 533 1719 586 quam
1772 514 1987 585 liquida

355 607 646 677 voluptate
710 614 960 669 careant,
1025 605 1238 659 idcirco
1303 604 1454 674 quod
1521 603 1710 657 minus
1766 602 1989 670 fortiter

358 695 634 749 daemonis
698 694 999 746 conatibus
1060 692 1340 745 obsistant
1356 710 1368 752 ;
1435 709 1563 760 quae
1615 690 1845 759 quidem
1899 707 1989 744 res

358 780 668 836 imbecillas
732 787 955 831 mentes
1011 797 1127 830 non
1185 778 1391 831 divinae
1455 775 1733 831 bonitatis
1796 775 1988 845 cogni·

359 868 515 921 tione
580 865 782 928 solum,
843 866 942 918 sed
1002 865 1175 918 etiam
1235 882 1571 917 aerumnosae
1631 861 1800 931 hujus
1857 861 1989 915 vitae

362 951 577 1006 solatiis
645 949 857 1019 privat:
940 949 1255 1017 praesertim
1326 966 1456 1003 cum
1527 949 1809 1018 ejusmodi
1871 949 1991 1000 vita

362 1037 566 1091 divinae
606 1054 805 1105 expers
845 1035 1160 1088 dulcedinis
1200 1034 1474 1087 continua
1515 1050 1667 1086 mors
1696 1034 1768 1086 sit
1810 1036 1990 1101 magis

303 1145 306 1147 ·
364 1138 533 1193 quam
561 1120 696 1175 vita.

435 1212 650 1261 Vereor
713 1228 782 1259 ne
859 1228 1027 1277 quem
1093 1216 1345 1261 vestrum
1410 1208 1639 1261 daemon
1704 1207 1989 1273 sollicitet,

364 1293 671 1363 propositis
716 1294 979 1346 maximis
1026 1294 1367 1361 quibusdam
1414 1291 1813 1361 praeclarisque
1859 1292 1990 1346 faci-

366 1380 613 1443 noribuS,
667 1398 793 1450 quae
846 1396 947 1432 vos
992 1379 1050 1432 in
1097 1379 1219 1432 aliis
1265 1387 1320 1444 et
1365 1378 1505 1431 locis
1557 1386 1614 1432 et
1666 1378 1990 1447 occupatio·

366 1466 529 1519 nibus
592 1465 650 1519 in
714 1465 1051 1535 obsequium
1128 1465 1234 1517 Dei
1309 1464 1588 1518 faceretis,
1686 1464 1838 1533 Quid
1903 1465 1994 1519 ille

367 1551 592 1615 faceret,
641 1551 687 1605 si
747 1568 849 1605 vos
895 1552 1300 1620 opportuniore
1344 1551 1472 1603 loco
1534 1551 1993 1604 nancisceretur?

369 1638 652 1690 Nimirum
695 1633 805 1690 huc
849 1645 1110 1706 spectant
1153 1636 1299 1689 illius
1341 1637 1595 1700 consilia,
1642 1645 1702 1692 ut
1743 1655 1847 1691 vos
1889 1638 1995 1692 sol·

366 1723 503 1776 liciti
555 1730 727 1791 atque
779 1723 948 1787 anxii,
1004 1741 1187 1792 neque
1238 1722 1399 1776 vobis
1452 1723 1578 1792 ipsi,
1633 1728 1818 1793 neque
1870 1723 1995 1777 aliis

369 1810 703 1878 quibuscum
756 1809 1080 1873 versamini,
1128 1810 1515 1863 emolumento
1568 1810 1711 1864 sitis.
1792 1812 1995 1880 Itaque

369 1896 500 1950 illud
563 1897 906 1951 insusurrat:
982 1896 1133 1966 Quid
1195 1896 1404 1966 agitis?
1481 1897 1570 1950 An
1623 1914 1737 1950 non
1790 1896 1996 1951 videtis

368 2002 467 2036 vos
518 1984 574 2036 in
625 1984 830 2037 vestris
882 1983 1182 2037 conatibus
1234 1983 1420 2037 oleum
1474 1992 1530 2038 et
1582 2002 1815 2053 operam
1873 2003 1995 2056 per-

370 2070 534 2126 dere?
594 2072 941 2141 Hujusmodi
994 2072 1340 2142 cogitatione
1393 2091 1608 2136 eorum,
1662 2072 1758 2142 qui
1811 2074 1996 2127 se'ad

374 2159 477 2210 Dei
534 2159 872 2228 obsequium
937 2159 1316 2223 contulerunt,
1370 2160 1622 2229 plerique
1672 2168 1997 2222 tentantur;

372 2244 458 2297 cui
510 2245 741 2315 quidem
795 2255 856 2298 ut
908 2245 1130 2299 fortiter
1190 2254 1634 2315 constanterque
1699 2247 1996 2310 resistatiS,

371 2348 469 2383 vos
519 2332 888 2386 vehementer
938 2334 1110 2386 etiam
1166 2344 1336 2402 atque
1389 2333 1561 2386 etiam
1621 2351 1777 2401 rogo,

446 2417 641 2488 Usque
688 2438 755 2473 eo
801 2420 955 2473 enim
1001 2420 1124 2474 haec
1170 2421 1346 2489 pestis
1392 2421 1593 2490 pietati
1636 2419 1998 2491 perfectioni-

373 2521 479 2572 que
522 2506 748 2561 virtutis
789 2506 1110 2577 perniciosa
1152 2516 1257 2570 est,
1302 2517 1363 2561 ut
1407 2525 1521 2559 non
1565 2509 1738 2561 modo
1781 2525 1887 2561 nos
1926 2510 1999 2561 ab

373 2589 631 2648 instituto
672 2612 837 2648 cursu
878 2595 1145 2659 retardet,
1179 2612 1375 2649 verum
1409 2596 1583 2648 etiam
1620 2614 1751 2648 cum
1790 2613 2000 2665 magna

372 2680 544 2733 animi
598 2683 859 2737 molestia
919 2691 1089 2752 atque
1142 2702 1351 2752 angore
1404 2684 1670 2737 deducat.
1752 2682 1997 2736 Proinde

373 2766 607 2838 quisque
670 2777 942 2835 vestrum,
1022 2770 1364 2840 ubicumque
1434 2780 1538 2834 est,
1618 2788 1677 2823 se
1750 2770 1998 2839 primum

373 2852 574 2909 deinde
626 2857 768 2911 alios
798 2917 800 2919 .
816 2857 1015 2928 juvare
1068 2859 1314 2922 studeat,
1369 2858 1715 2928 inducatque
1768 2857 1826 2909 in
1879 2856 1999 2909 ani-

374 2955 527 2995 mum
570 2961 854 3016 nusquam
899 2964 959 2999 se
1002 2947 1220 3009 meliuS,
1266 2964 1438 3015 quarn
1479 2946 1574 2999 ubi
1617 2963 1651 2999 a
1690 2942 2002 3015 praeposito

373 3031 716 3087 constitutus
779 3034 873 3098 sit,
939 3052 1170 3102 operam
1229 3035 1354 3086 Deo
1402 3052 1609 3086 navare
1655 3051 1842 3101 posse.
1924 3032 2001 3084 Et

374 3112 538 3170 simul
589 3120 860 3174 confidite
915 3121 1121 3182 Deum,
1176 3120 1268 3173 ubi
1322 3127 1550 3188 tempus
1604 3118 1787 3181 fuerit,
1849 3117 2001 3171 hanc
