2639 3798
1843 362 1947 413 161

702 374 885 414 LIBER
924 375 1027 414 VII.
1049 393 1122 400 —·
1143 377 1436 417 EPISTOLA
1476 378 1551 416 IX.

385 514 747 584 Cogitabam,
780 515 825 568 si
856 517 1011 568 Deus
1054 518 1335 581 annuerit,
1380 517 1585 570 vestris
1621 515 1828 569 litteris
1856 532 1947 568 ac-

313 602 511 670 ceptiS,
542 602 816 655 continuo
854 602 1000 656 istuc
1029 623 1321 658 excurrere
1349 606 1421 658 ad
1451 604 1788 658 salutandos
1823 620 1946 657 vos·

389 692 545 742 Deus
601 690 885 743 Dominus
949 700 1143 744 noster
1194 711 1297 761 pro
1350 711 1452 744 sua
1505 691 1790 744 immensa
1842 690 1951 745 cle-

314 778 531 830 mentia
594 786 788 831 teneat
855 797 960 830 nos
1025 798 1249 849 semper
1312 799 1515 832 omnes
1585 798 1691 837 sua¹
1758 777 1952 831 divina

312 883 503 928 manu,
557 872 613 917 et
667 883 772 917 nos
824 874 1119 919 conservet
1173 867 1230 919 in
1284 866 1392 920 hae
1449 867 1569 919 vita
1625 883 1727 935 per
1784 884 1947 919 suam

313 951 557 1019 gratiam
605 960 939 1004 constantes
985 961 1039 1004 et
1086 955 1226 1005 fixos
1269 955 1325 1005 in
1372 954 1648 1021 obsequio
1696 970 1813 1005 suae
1861 971 1950 1005 su-

313 1057 525 1106 premae
576 1040 916 1107 Majestatis.

393 1125 749 1194 Amangucio
798 1125 922 1177 Kal.
972 1126 1324 1194 Septembris
1371 1127 1478 1177 An.
1533 1126 1761 1178 MDLI.

463 1273 666 1324 Frater
707 1272 764 1323 in
812 1270 1044 1324 Christo
1090 1279 1291 1323 vester.

1473 1419 1876 1472 FRANCISCUS.

802 1932 1289 1992 EPISTOLA
1338 1932 1462 1992 IX.

785 2161 1019 2223 Sociis
1088 2161 1485 2221 Malacam.

391 2394 476 2446 De
515 2393 814 2446 accuranda
850 2411 947 2445 sua
985 2392 1044 2444 in
1080 2391 1300 2444 Indiam
1340 2390 1695 2460 navigatione.

395 2538 597 2590 Gratia
643 2546 699 2591 et
746 2537 996 2590 charitas
1045 2536 1279 2588 Domini
1326 2535 1505 2588 nostri
1549 2537 1688 2605 Jesu
1736 2533 1955 2588 Christi

317 2622 429 2677 sint
479 2642 707 2694 semper
751 2624 809 2676 in
856 2623 1067 2677 nostris
1113 2623 1431 2675 animabus,
1513 2623 1713 2674 Amen.

477 2787 911 2824 UADRAGESIMA
952 2771 1047 2823 lux
1077 2778 1192 2834 uest,
1238 2787 1367 2822 cum
1406 2787 1473 2821 ex
1508 2768 1756 2840 Japonia
1788 2768 1971 2821 solvi-e

329 2767 460 2937 Q
511 2877 656 2923 muS,
711 2859 808 2912 ubi
860 2877 948 2911 res
1001 2857 1332 2920 christiana,
1383 2858 1508 2909 Deo
1554 2856 1800 2920 favente,
1851 2855 1952 2915 mi-

314 2947 555 2998 randum
621 2947 679 2999 in
747 2948 980 2999 modum
1046 2952 1412 3014 propagatur.
1502 2946 1661 3013 Quos
1726 2961 1951 2995 mecum

315 3033 661 3086 adduxeram
718 3034 936 3097 SociOS,
992 3051 1192 3086 omnes
1247 3032 1355 3085 Dei
1408 3030 1687 3085 beneficio
1740 3029 1951 3084 incolu-

316 3136 436 3174 mes
494 3122 836 3193 Amangucii
894 3125 1050 3192 (quae
1104 3121 1237 3175 urbs
1289 3119 1582 3191 perampla
1635 3126 1739 3183 est,
1794 3117 1951 3188 regni
