2649 3754
664 267 769 321 116
1043 280 1229 320 LIBER
1266 280 1372 319 vn.
1394 292 1466 304 ·-
1486 278 1780 319 EPISTOLA
1819 278 1898 318 1v.

672 411 869 474 Mariae
907 419 1262 489 Magdalenae
1298 422 1485 485 sacer)
1522 436 1773 489 vespere,
1811 435 1948 472 sane
1982 425 2154 487 quam
2190 417 2287 471 ad-

657 523 822 563 versa
866 506 1220 574 pertulimus.
1302 506 1535 559 Etenim
1597 512 1934 574 exasperato
1958 518 1960 520 ·
1984 500 2286 557 vehemen-

660 590 774 645 tius
816 590 976 654 mari,
1020 590 1390 661 ingentesque
1431 591 1694 644 volvente
1730 590 1850 659 jam
1893 589 2118 653 fluctuS‚
2156 587 2286 642 cum

656 676 829 746 jactis
880 675 1145 730 anchoris
1208 678 1552 746 agitaremur
1602 678 1660 730 in
1713 677 1850 740 salo,
1916 684 2176 746 apertum
2217 675 2286 728 ¹in

661 762 872 817 ostium
917 763 1155 816 sentinae
1183 782 1328 816 unus
1360 783 1390 816 e
1426 764 1730 817 comitibus
1776 763 2003 827 nostris,
2032 757 2287 815 vEmma-

83 832 129 919 ¹}
663 850 795 904 nuel
860 850 1015 915 Sina,
1081 849 1224 905 forte
1287 851 1619 921 praeteriens
1682 850 1911 906 deci-dit.
1992 849 2317 904 Mortuum*

103 935 110 954 ⁵²
660 937 1023 1000 credidimuS,
1094 954 1227 990 nam
1282 944 1345 991 et.
1390 938 1502 991 alte
1554 937 1855 1001 ceciderat,
1909 943 1965 990 et
2016 953 2050 989 a
2077 934 2288 1005 ¹capite

662 1040 831 1092 poene
870 1023 943 1076 ad
975 1023 1305 1077 umbilicum
1345 1024 1582 1078 obrutus
1621 1023 2035 1094 aliquantisper
2054 1022 2112 1075 in
2137 1040 2288 1092 aqua

657 1109 934 1179 jacuerat.
1013 1111 1423 1166 Verumtamen
1466 1117 1751 1165 extractus
1794 1127 2003 1179 magno
2045 1125 2176 1163 cum
2213 1106 2288 1162 la·

661 1196 817 1260 bore,
864 1196 1139 1251 exanimis
1182 1197 1315 1252 licet
1358 1197 1713 1267 graviterque
1759 1205 1929 1267 caput
1982 1195 2287 1259 sauciatuS,

663 1282 920 1336 adhibita
983 1283 1294 1347 curatione,
1358 1284 1555 1353 paucis
1620 1284 1819 1338 diebus
1878 1284 2005 1337 Deo
2060 1281 2289 1336 favente·

661 1369 966 1425 convaluit.
1064 1372 1337 1426 Nondum
1398 1371 1568 1442 hujus
1627 1371 1796 1442 plane
1829 1378 2123 1427 curatum·
2164 1378 2286 1425 erat

669 1457 891 1522 vulnu5,
966 1475 1104 1518 ecce.
1150 1458 1253 1513 tibi
1306 1460 1507 1513 eodem
1565 1458 1740 1514 ferme
1790 1477 1926 1514 casu
1976 1459 2290 1529 eademque

669 1544 832 1598 navis
868 1545 1204 1614 jactatione,
1248 1547 1362 1600 filia
1404 1547 1672 1601 navarchi
1705 1547 1764 1600 in
1792 1564 1949 1600 mare
1991 1546 2290 1610 delabitur,

668 1638 725 1684 et
768 1630 825 1684 in
869 1632 1127 1686 omnium
1175 1633 1351 1688 oculis
1397 1634 1604 1689 frustra
1649 1633 1981 1689 conantium
2028 1632 2293 1701 opitulari

670 1718 1072 1788 submergitur.
1152 1719 1331 1789 Cujus
1371 1719 1663 1775 interitum
1702 1719 1851 1774 tanti
1891 1726 2025 1774 sunt
2053 1718 2296 1789 ejulatus

669 1823 736 1858 ac
780 1804 1047 1874 lacrymae
1100 1814 1443 1871 consecutae,
1486 1815 1651 1861 tanto
1696 1814 1974 1877 praeterea
2016 1813 2297 1877 quotquot

670 1890 728 1944 in
781 1891 912 1944 navi
965 1911 1190 1946 eramus
1240 1894 1372 1948 vitae
1425 1895 1483 1947 in
1535 1894 1862 1947 discrimine
1912 1894 2297 1958 versabamur,

674 1986 736 2033 ut
779 1979 1092 2033 admodum
1145 1981 1316 2051 digna
1370 1981 1733 2036 miseratione
1779 1999 1869 2036 res
1914 1987 2083 2035 esset.
2162 1981 2298 2034 Bar-

673 2066 796 2121 bari
847 2068 921 2122 ad
980 2069 1406 2138 propitiandum
1470 2088 1572 2140 per
1634 2069 1913 2125 sacrificia
1976 2070 2297 2122 daemonem

672 2153 839 2218 versi,
886 2154 1038 2208 nulla
1084 2165 1252 2225 capta
1299 2158 1506 2227 quiete,
1544 2158 1695 2211 diem
1737 2165 2081 2227 noctemque
2116 2164 2298 2211 totam

678 2243 1001 2296 mactandis
1063 2244 1216 2298 idolo
1253 2245 1478 2308 ⁴avibus
1542 2244 1879 2314 ferculisque
1943 2242 2300 2313 apponendis

677 2345 910 2397 operam
954 2330 1251 2384 dederunt.
1297 2332 1404 2385 Per
1442 2339 1623 2385 sortes
1662 2331 1836 2385 etiarn
1864 2330 2137 2400 quaesiere
2173 2348 2302 2384 cau·

680 2433 804 2467 sam
844 2415 1138 2469 infortunii
1152 2436 1165 2479 ;
1215 2436 1551 2486 responsum
1585 2426 1671 2470 est
1718 2418 1764 2470 si
1815 2417 1863 2470 is
1898 2417 1993 2486 qui
2043 2416 2217 2486 prius
2243 2416 2301 2468 in

113 2524 161 2550 ι
682 2501 969 2555 sentinam
1018 2504 1302 2557 ceciderat
1360 2504 1704 2557 Emmanuel
1744 2504 1862 2557 fato
1902 2503 2133 2557 functus
2170 2502 2301 2555 fuis-

680 2595 786 2651 set,
838 2588 1084 2657 puellam
1132 2590 1190 2642 in
1233 2608 1389 2643 mare
1435 2609 1549 2644 non
1596 2590 1768 2644 fuisse
1812 2590 2121 2660 lapsuram.

756 2675 1006 2729 Cernitis
1057 2676 1166 2745 ipsi
1217 2676 1473 2746 profecto
1539 2683 1818 2746 quantum
1886 2674 2051 2730 nobis
2103 2692 2172 2729 eo
2222 2692 2304 2728 re-

681 2777 895 2828 sponso
936 2762 1163 2816 daemon
1192 2763 1264 2816 ab
1292 2763 1409 2817 suis
1437 2762 1711 2817 ministris
1739 2762 1942 2817 crearit
1970 2760 2301 2833 periculum,

678 2856 734 2901 et
764 2848 928 2902 nobis
967 2850 1104 2920 quid
1144 2850 1395 2905 futurum
1437 2850 1621 2916 fuerit,
1664 2850 1772 2919 nisi
1812 2850 2050 2905 furentis
2089 2848 2304 2904 rabiem

683 2936 966 2990 Dominus
1017 2939 1466 3008 compressisset.
1546 2940 1658 2992 Sed
1712 2957 1803 2992 me
1853 2947 2049 2993 tamen
2092 2937 2151 2991 in
2195 2935 2304 3007 pri-

682 3023 791 3076 mis
834 3042 1035 3094 graves
1079 3025 1187 3080 illae
1234 3026 1292 3078 in
1342 3029 1528 3080 Deum
1575 3026 1796 3096 inJ'uriae
1839 3033 1895 3081 et
1936 3026 2304 3082 barbarorum
