2665 3754
766 378 868 429 332
1066 417 1069 420 Δ
1107 379 1291 416 LIBER
1328 378 1454 416 VIII.
1477 379 1861 418 —EPISTOLA
1899 379 2050 418 XXIV.

764 523 919 583 puta,
963 517 1277 586 diplomata
1319 518 1538 571 domini
1586 520 1764 573 nostri
1812 520 1974 589 regiS,
2014 536 2113 588 per
2140 537 2265 588 quae
2309 528 2385 574 at-

764 601 959 656 tribuit
1014 603 1145 658 huic
1190 604 1426 673 collegio
1470 606 1771 674 vectigalia
1816 605 2131 675 pagodibus
2179 614 2384 675 erepta,

764 691 1102 744 donationes
1155 701 1209 744 et
1262 693 1676 762 assignationes
1733 702 1968 746 caeteras
2018 691 2222 746 litteris
2271 693 2386 761 ejus

763 775 869 829 rite
932 777 1282 844 consignatis
1343 792 1657 847 expressa5‚
1711 787 1767 833 et
1819 796 1852 832 a
1903 778 2241 848 praetoribus
2297 783 2384 850 qui

762 869 896 915 ante
936 862 1087 916 hunc
1131 862 1355 916 fuerunt
1399 864 1621 934 agnitas
1662 872 1716 918 et
1757 865 2142 927 confirmataS,
2186 882 2269 928 ea,
2311 866 2384 920 in-

763 965 954 1017 quam,
1017 949 1228 1019 scripta
1290 951 1481 1005 omnia
1539 959 1594 1005 et
1648 959 2021 1006 monumenta
2083 951 2384 1023 archetypa

762 1034 958 1089 sedulo
1003 1025 1250 1105 colliges,
1295 1045 1350 1090 et
1396 1036 1452 1090 in
1501 1056 1675 1092 unum
1723 1044 2065 1108 congregata
2114 1055 2290 1108 penes
2332 1046 2384 1094 te

764 1122 1018 1176 habebis,

838 1211 904 1262 In
947 1210 1169 1279 agendo
1212 1228 1341 1264 cum
1385 1219 1619 1265 externo
1662 1219 2027 1280 procuratore
2070 1212 2290 1275 domuS,
2331 1221 2382 1267 et

761 1314 890 1350 curn
961 1297 1174 1350 Cosmo
1235 1297 1502 1365 Agnezio,
1566 1297 1660 1365 qui
1729 1296 1986 1351 omnium
2039 1297 2112 1349 ad
2170 1296 2383 1366 collegii

762 1401 966 1436 census
994 1384 1376 1452 spectantium
1405 1392 1461 1437 et
1490 1402 1755 1453 magnam
1785 1391 2129 1452 potestatem
2159 1392 2384 1453 propter

762 1470 1162 1523 auctoritatem
1219 1471 1601 1540 magistratu5,
1648 1478 1703 1523 et
1747 1470 2009 1539 peritiam
2055 1470 2226 1522 habet
2272 1470 2382 1539 plu-

762 1555 984 1619 rimam,
1051 1574 1181 1610 eum
1245 1555 1644 1611 familiaritatis
1697 1557 1754 1610 in
1807 1556 2217 1626 colloquiorum
2282 1555 2379 1609 fre·

763 1642 994 1713 quentia
1040 1651 1095 1696 et
1142 1650 1476 1697 caeterorum
1530 1643 1819 1713 diligentia
1872 1644 2183 1698 officiorum
2230 1643 2380 1697 adhi-

760 1731 919 1784 bebis
972 1731 1225 1795 modum,
1279 1749 1448 1801 quern
1502 1732 1721 1801 collegii
1773 1732 2022 1786 rationes
2075 1720 2380 1807 postulant.

763 1816 1063 1871 Tractabis
1115 1817 1284 1888 igitur
1332 1835 1462 1872 cum
1509 1818 1576 1872 iis
1623 1818 1895 1888 quamdiu
1942 1826 1997 1872 et
2044 1835 2215 1888 quam
2264 1817 2383 1872 inti-

764 1924 854 1959 me
897 1925 1039 1977 opus
1081 1906 1265 1970 fuerit,
1294 1908 1366 1959 ad
1409 1907 1711 1961 efficaciter
1755 1906 2091 1961 stabilienda
2134 1925 2261 1977 quae
2291 1924 2381 1960 nu-

762 2000 907 2057 tant,
937 2001 992 2047 et
1037 2011 1237 2062 parum
1281 1980 1434 2048 certi·
1461 2002 1769 2063 proventus
1813 2012 1915 2048 usu
1959 1994 2383 2063 deprehendun-

762 2088 870 2142 tur,
901 2080 1197 2148 vectigalia
1225 2080 1462 2149 collegii.
1543 2082 1692 2134 Nam
1726 2098 2046 2134 annuorum
2086 2080 2382 2142 redituum,

764 2166 858 2236 qui
899 2165 1032 2219 olim
1072 2167 1359 2235 pagodum
1401 2165 1729 2219 sacrificulis
1775 2165 2010 2229 addicti,
2052 2163 2384 2234 evangelicis

763 2252 1035 2321 operariis
1067 2252 1285 2305 alendis
1325 2253 1581 2306 attributi
1622 2254 1793 2306 modo
1834 2260 1984 2316 sunt,
2014 2269 2221 2321 magna
2259 2267 2383 2320 pars

766 2357 880 2393 non
923 2338 1175 2403 solvitur,
1220 2338 1287 2392 iis
1329 2339 1424 2409 qui
1467 2339 1675 2392 debent
1721 2339 2137 2393 contumaciter
2183 2354 2383 2407 negan-

764 2427 943 2489 tibus;
1004 2426 1061 2478 in
1113 2426 1235 2478 aliis
1287 2445 1512 2496 quoque
1566 2444 1681 2478 non
1734 2426 1930 2494 paucis
1977 2426 2106 2494 jura
2159 2425 2385 2478 minime

764 2514 935 2567 dubia
987 2513 1204 2582 collegii
1249 2530 1350 2582 per
1404 2513 1519 2565 vim
1573 2513 1825 2582 iniquam
1873 2520 1928 2565 et
1974 2512 2382 2566 recusationem

765 2599 1150 2653 satisfaciendi
1202 2600 1344 2653 fiunt
1396 2600 1570 2653 irrita.
1650 2601 1838 2669 Quare
1891 2600 2040 2653 insta
2092 2606 2148 2653 et
2195 2605 2381 2665 satage

765 2691 915 2759 apud
955 2690 1113 2754 istos,
1150 2698 1209 2743 ut
1242 2690 1380 2743 certi
1421 2697 1619 2742 contra
1658 2689 1781 2743 haec
1820 2687 2053 2742 remedii
2095 2685 2380 2757 quidpiam

766 2778 1121 2848 expediatur.

841 2865 982 2918 Mihi
1028 2866 1325 2917 videbatur
1370 2864 1505 2917 utile
1555 2867 1686 2926 (vos
1733 2865 2032 2931 expendite
2082 2871 2278 2917 utrum,
2312 2861 2384 2911 ita

766 2952 887 3017 sit,)
939 2951 1207 3005 intentari
1269 2951 1490 3020 publice
1532 2949 1772 3003 formula
1819 2950 1985 3003 solita
2030 2950 2219 3002 minas
2260 2962 2382 3000 ana-

766 3040 1054 3101 thematiS,
1099 3038 1418 3106 impetratis
1460 3038 1532 3091 ad
1574 3037 1682 3091 hoc
1724 3037 1925 3091 litteris
1975 3055 2007 3089 a
2060 3035 2385 3105 magistratu

767 3124 1169 3191 ecclesiastico,
1219 3124 1274 3177 in
1323 3143 1420 3177 eos
1469 3141 1667 3178 omnes
1714 3122 1808 3191 qui
1856 3139 2059 3178 census
2105 3120 2235 3178 huic
2284 3114 2385 3173 col«
