2649 3754
642 349 750 405 140
1040 351 1223 386 LIBER
1262 351 1365 386 VII.
1388 367 1459 372 —
1482 350 1774 387 EPISTOLA
1813 349 1866 386 V-

636 480 747 548 regi
803 498 919 548 prae
973 480 1236 532 omnibus
1303 480 1457 531 cordi
1525 480 1614 542 sit,
1683 480 2025 531 detrimento
2089 479 2268 543 fieret,

637 567 782 629 seri-o
846 585 903 618 se
959 567 1322 619 denuntiare:
1396 567 1489 635 qui
1555 567 1610 619 id
1663 550 2006 630 committat,
2062 584 2269 619 noxam

637 655 996 719 incursurum
1039 654 1188 721 quali
1232 654 1528 721 subjacent
1564 655 1657 722 qui
1699 654 1845 721 regis
1886 655 2125 721 imperio
2168 640 2303 706 sci-.

636 749 795 794 entes
841 743 1240 793 adversantur:
1285 740 1479 808 utique
1523 759 1653 793 cum
1701 760 1766 793 ea
1811 740 1993 798 solum
2036 741 2141 794 rite
2176 741 2272 794 511-

637 826 832 897 pulata
897 826 1227 879 conditione
1286 826 1424 878 recti
1490 846 1687 879 cursus
1752 827 1873 878 sine
1938 826 2270 879 diverticulo

635 914 885 973 tenendi,
944 915 1141 964 Patres
1196 914 1252 962 in
1304 913 1608 981 Japoniam
1664 912 2055 979 pervehendos
2108 931 2266 965 acce-

634 998 799 1063 perit,
842 998 1002 1049 alteri
1033 1018 1097 1049 ex
1127 998 1273 1064 regis
1306 1006 1494 1048 mente
1536 998 1665 1048 navi
1706 1007 1761 1048 et
1800 998 2086 1048 navarcho
2117 1016 2267 1048 com-

637 1085 1012 1146 mendandos,
1045 1085 1151 1135 nisi
1182 1084 1289 1135 hoc
1318 1084 1425 1135 iste
1456 1083 1779 1151 recepisset.

712 1164 893 1222 Sociis
948 1168 1042 1236 qui
1094 1175 1391 1221 versantur
1443 1167 1498 1220 in
1552 1166 1943 1235 promontorio
2010 1167 2265 1220 Comori-

638 1255 799 1307 nensi
855 1255 1048 1307 mittes
1096 1253 1415 1321 exemplum
1458 1253 1805 1321 descriptum
1848 1252 2103 1321 epistolae
2143 1272 2267 1322 pro-

638 1343 781 1406 lixae,
814 1362 985 1411 quam
1017 1343 1128 1393 III.
1174 1343 1371 1393 Nonas
1400 1342 1472 1393 ad
1500 1360 1600 1393 vos
1629 1341 1777 1393 dedi.
1848 1340 2029 1393 Simul
2057 1341 2269 1410 aliquid

638 1430 907 1492 affulserit
950 1437 1119 1483 certae
1164 1429 1282 1497 spei
1327 1448 1355 1482 e
1402 1430 1621 1493 MeacO,
1668 1428 1861 1482 statim
1907 1428 2149 1482 scribam
2197 1429 2270 1490 ad
2306 1478 2310 1486 ,,

638 1536 739 1569 vos
786 1516 923 1579 fuse,
973 1516 1054 1569 uti
1102 1524 1157 1568 et
1206 1516 1414 1569 nostris
1449 1515 1746 1568 Fratribus
1788 1515 2268 1568 Conimbricensi-

640 1602 763 1664 bus,
813 1611 868 1653 et
926 1601 1189 1653 Patribus
1247 1601 1544 1652 Romanis.

714 1689 773 1739 Si
829 1688 1169 1739 Dominicus
1224 1688 1540 1739 Carvallius
1594 1689 1850 1738 nondum
1896 1688 1968 1739 sit
2015 1688 2274 1739 initiatus

641 1776 980 1838 sacerdotiO,
1043 1783 1203 1843 petes
1259 1793 1292 1826 a
1349 1775 1581 1826 domino
1650 1775 1919 1843 episcopo
1984 1783 2044 1827 ut
2117 1776 2272 1828 illum

640 1862 883 1914 ordinet.
965 1863 1083 1913 Fac
1146 1861 1395 1914 amicum
1454 1862 1557 1913 tibi
1609 1869 1808 1913 teneas
1890 1869 1945 1914 et
2009 1862 2275 1915 omnibus

640 1949 839 2002 officiis
902 1947 1244 2001 demerearis
1313 1947 1577 2001 RuiZium
1638 1946 1971 2012 Gonzalem,
2029 1966 2161 2001 nam
2215 1948 2275 2001 11-

640 2036 758 2088 lum
799 2035 1007 2087 habere
1049 2034 1388 2087 benevolum
1429 2042 1624 2087 nostra
1664 2035 1919 2097 interest,
1969 2054 2098 2087 cum
2155 2035 2276 2103 ejus

641 2142 789 2175 curae
873 2123 1165 2174 commissi
1241 2123 1353 2174 sint
1436 2122 1732 2174 christiani
1812 2124 2273 2186 ComorinenseS,

640 2211 790 2261 unde
851 2219 1042 2277 patres
1097 2209 1404 2262 Societatis
1460 2216 1687 2271 nostrae,
1744 2209 1838 2277 qui
1892 2209 1948 2261 in
2004 2209 2097 2262 illo
2150 2227 2275 2277 pro-

642 2296 927 2348 montorio
981 2313 1068 2347 res
1127 2294 1540 2347 ecclesiasticas
1600 2303 1819 2358 curant,
1888 2295 2142 2363 quotidie
2212 2297 2269 2348 in

642 2382 834 2433 multis
892 2382 1014 2449 ejus
1068 2382 1172 2432 viri
1221 2381 1410 2433 favore
1459 2382 1732 2449 indigent.
1815 2384 1901 2433 De
1958 2382 2267 2434 Melchiore

643 2468 914 2530 Gonzale,
961 2470 1143 2536 deque
1181 2468 1417 2535 collegio
1463 2469 1822 2531 Bazainensi,
1866 2487 1931 2520 ac
1979 2470 2049 2520 de
2092 2470 2273 2521 Fran-

642 2554 882 2605 ciscanis
929 2555 1023 2622 qui
1072 2554 1207 2605 illud
1253 2555 1408 2621 prius
1461 2555 1752 2616 tenebant,
1809 2572 1882 2605 an
1934 2554 2137 2606 fratres
2182 2574 2273 2607 eo-

640 2657 764 2691 rum
810 2640 1043 2693 Ordinis
1094 2658 1291 2692 1000115
1338 2658 1366 2692 0
1422 2640 1720 2692 Lusitania
1769 2640 2055 2702 venerint3
2114 2641 2270 2693 deni-

641 2744 749 2794 que
797 2744 869 2777 an
915 2726 970 2777 id
1019 2726 1338 2794 collegium,
1390 2726 1469 2778 uti
1517 2725 1692 2778 semel
1743 2733 1953 2778 nostrae
2002 2726 2277 2779 Societati

641 2821 725 2865 est
754 2813 1028 2865 traditum
1068 2814 1147 2865 ita
1184 2813 1369 2865 adhuc
1407 2815 1477 2865 ab
1508 2833 1573 2865 ea
1606 2814 1967 2882 gubernetur,
2011 2822 2065 2867 et
2103 2833 2273 2883 porro

641 2900 699 2952 in
741 2909 1078 2969 perpetuum
1122 2902 1555 2969 gubernandum
1602 2910 1875 2970 speretur,
1923 2901 2066 2954 scire
2111 2903 2277 2970 cupio

642 3006 709 3040 ex
737 2996 819 3040 te:
864 3006 1035 3055 quare
1065 2988 1151 3040 fac
1181 2988 1379 3055 primis
1419 2989 1639 3051 litteris,
1673 3007 1762 3039 me
1794 2989 1862 3039 de
1891 2987 1979 3040 his
2015 2989 2278 3043 omnibus

646 3074 810 3145 plene
884 3076 1107 3128 doceas,
