2649 3754
667 358 768 408 132
1063 358 1248 396 LIBER
1286 359 1389 397 VII.
1413 374 1484 380 -
1506 361 1800 399 EPISTOLA
1839 362 1893 399 V.

665 494 1070 546 commendare
1101 512 1190 547 me
1227 495 1473 564 teipsum
1512 496 1633 559 tibi,
1664 495 1915 565 nihilque
1945 496 2126 564 magis
2157 497 2297 550 velle

660 580 1049 647 aut·majoris
1107 582 1384 634 momenti
1441 584 1664 645 ducere,
1722 602 1893 651 quam
1935 591 1991 634 te
2031 591 2155 635 toto
2204 603 2294 636 co-

660 673 798 719 natu
844 666 1173 735 incumbere
1221 670 1293 721 ad
1340 671 1793 737 promovendum
1840 669 2295 738 provehendum-

659 771 769 823 que
804 772 1047 827 vsemper
1109 757 1164 807 in
1229 757 1429 808 melius
1482 765 1643 809 tuum
1698 758 1971 809 animum.
2059 760 2186 826 Quo
2221 758 2297 825 *in

659 830 896 910 negotio*
936 841 982 894 si
1028 842 1278 911 vigiliam
1333 843 1505 896 etiam
1560 844 1896 896 acerrimam
1945 845 2157 897 remitti
2205 845 2291 897 vel

660 927 950 996 paululum
994 948 1027 982 a
1068 937 1125 982 te
1168 930 1389 993 scirem,
1435 930 1877 999 haudquaquam
1921 939 1978 984 te
2023 931 2291 984 idoneum

659 1014 986 1090 arbitrarer,
1021 1016 1110 1072 cui
1149 1016 1300 1069 salus
1342 1017 1580 1070 aliorum
1621 1026 1719 1071 aut
1750 1018 1985 1071 omnino
2014 1019 2290 1088 quidlibet

658 1102 1019 1176 reimajoris
1065 1112 1217 1159 recte
1263 1105 1734 1158 committeretur.
1816 1106 1875 1158 Si
1922 1125 2054 1159 vero
2105 1108 2289 1176 (quod

661 1190 865 1259 potius
895 1210 1037 1254 reor,
1080 1199 1135 1244 et
1178 1193 1364 1244 Deum
1409 1199 1469 1244 ut
1512 1200 1728 1245 annuat
1768 1196 2035 1257 veneror)
2080 1202 2141 1245 tu
2183 1193 2292 1245 ala-

662 1278 771 1331 cris
817 1287 873 1331 et
921 1286 1184 1332 strenuus
1236 1280 1309 1332 ad
1356 1298 1592 1348 scopum
1647 1298 1871 1349 semper
1923 1281 2115 1334 animo
2168 1299 2293 1349 pro-

659 1366 911 1434 positum
953 1386 1192 1423 summae
1236 1366 1342 1419 Dei
1371 1366 1563 1435 gloriae
1591 1367 1673 1420 tui
1702 1367 2050 1436 perfectione
2090 1387 2289 1436 procu-

661 1455 875 1519 randae,
938 1454 1290 1508 irrevocabili
1352 1473 1552 1524 perges
1615 1455 1831 1524 impetu
1894 1474 2134 1520 currere,
2200 1455 2296 1508 ob-

662 1542 894 1597 staculis
947 1543 1238 1611 quibusvis
1301 1542 1635 1606 eluctandiS,
1703 1543 1873 1611 idque
1940 1542 2078 1595 mihi
2143 1550 2297 1596 certo

661 1648 829 1682 nosse
872 1629 1191 1695 contigerit,
1236 1628 1388 1681 haud
1433 1630 1793 1696 desperarem
1837 1649 2004 1697 posse
2048 1630 2186 1692 fieri,
2230 1639 2288 1682 ut

660 1723 717 1768 te
752 1715 1076 1783 >aliquando
1123 1711 1242 1767 huc
1279 1734 1568 1767 accersam
1624 1716 1967 1767 mittendum
2028 1717 2293 1768 Meacum

661 1811 759 1856 aut
814 1804 1101 1866 Bandum,
1157 1802 1265 1855 hoc
1320 1811 1405 1855 est
1458 1803 1515 1854 in
1569 1822 1726 1855 arces
1781 1803 1934 1872 ipsas
1988 1822 2054 1856 ac
2108 1812 2294 1856 castra

657 1891 941 1961 japonicae
983 1891 1422 1959 superstitionis,
1463 1890 1557 1942 ubi
1595 1890 1845 1960 amplam
1888 1891 2296 1944 nanciscereris

663 1978 993 2032 facultatem
1021 1986 1120 2031 tua
1148 1986 1347 2031 sancta
1377 1979 1659 2031 desideria
1688 1979 1971 2047 explendi.

736 2066 891 2120 Cave
937 2064 1171 2118 omittas
1218 2064 1460 2118 scribere
1509 2064 1647 2118 mihi
1691 2064 1811 2118 fuse
1856 2083 1921 2119 ac
1971 2066 2184 2133 prolixe
2228 2067 2296 2120 de

662 2151 884 2205 cunctis
924 2144 1234 2204 >Fratribus
1288 2151 1498 2203 nostris
1546 2151 1641 2220 qui
1687 2152 1883 2204 vivunt
1930 2173 2030 2220 per
2071 2153 2292 2227 indias,

662 2242 844 2310 deque
872 2240 940 2290 iis
970 2241 1064 2309 qui
1102 2241 1159 2291 in
1203 2241 1519 2304 Lusitania,
1563 2241 1772 2310 quique
1818 2244 2018 2294 Romae
2061 2243 2291 2311 degunt,

662 2343 952 2396 exponens
992 2316 1406 2396 quid'quisque
1457 2337 1606 2396 agat,
1649 2347 1762 2396 quo
1803 2329 1986 2382 fructu
2028 2330 2086 2381 in
2126 2330 2292 2382 vinea

664 2413 900 2467 Domini
952 2413 1229 2466 laborent.
1311 2415 1582 2481 Magnam
1637 2404 1926 2468 constituo
1974 2433 2134 2483 spem
2182 2414 2290 2469 fru-

665 2506 790 2552 ctus
854 2498 1029 2551 animi
1094 2499 1393 2568 solatiique
1458 2500 1706 2569 ingentis
1764 2500 1822 2552 in
1881 2509 2106 2553 tuarum
2173 2501 2295 2570 ejus

664 2581 984 2654 argumenti
1025 2586 1267 2638 lectione
1307 2588 1641 2649 litterarum,
1685 2606 1797 2655 quo
1835 2606 1905 2638 ne
1944 2606 2033 2639 me
2075 2588 2295 2640 defrau-

664 2674 765 2725 des
805 2691 904 2725 oro
944 2681 1028 2736 te3
1078 2692 1183 2725 nec
1224 2673 1436 2726 chartae
1464 2674 1520 2724 in
1550 2673 1657 2725 hoc
1696 2693 1898 2742 parcas
1938 2683 2035 2726 aut
2076 2693 2292 2743 operae3

664 2761 859 2831 utique
900 2778 1028 2815 cum
1072 2779 1161 2814 me
1203 2779 1317 2814 non
1365 2761 1795 2826 otiosissimum,
1839 2769 1899 2816 ut
1941 2762 2079 2817 satis
2122 2762 2290 2826 nosti,

666 2860 785 2901 tam
814 2847 1068 2901 verbosis
1095 2847 1298 2901 litteris
1326 2848 1520 2915 quales
1563 2856 1695 2901 sunt
1725 2848 2005 2902 hesternae
2043 2849 2169 2912 illae,
2197 2866 2298 2901 vos

669 2935 739 2987 de
783 2934 1046 2987 omnibus
1090 2953 1215 3003 quae
1257 2934 1418 2987 vobis
1464 2943 1624 3003 grata
1668 2934 1940 3004 utiliaque
1984 2934 2101 2989 fore
2139 2944 2296 2988 autu-

672 3041 786 3085 mo,
840 3022 991 3074 haud
1044 3023 1234 3090 pigeat
1288 3023 1556 3074 certiores
1609 3022 1819 3075 facere:
1862 3024 2023 3091 cujus
2065 3042 2098 3075 a
2139 3023 2298 3075 vobis

673 3109 979 3177 diligentiae
1016 3110 1169 3160 vices
1206 3117 1396 3177 gratas
1433 3118 1699 3176 exspecto
1737 3110 1951 3161 scilicet
1994 3127 2060 3160 ac
2086 3111 2295 3178 flagito.
