2639 3798
671 372 854 411 LIBER
894 372 968 410 IX.
992 387 1063 395 —
1084 372 1376 412 EPISTOLA
1420 374 1493 410 IX.
1792 373 1895 426 379

270 513 475 565 haustu
512 510 781 579 corrupti,
820 517 875 563 et
911 509 1179 579 pestifera
1211 517 1450 579 contage
1482 508 1895 579 languentium,

269 597 615 668 quotidianis
667 596 802 648 dirae
859 596 966 648 luis
1021 595 1427 649 contrahendae
1487 596 1750 664 periculis
1806 614 1895 650 ex-

268 686 473 755 posita.
554 687 697 737 Haec
742 684 879 736 mihi
920 703 1053 737 cura
1094 684 1458 737 simulacrum
1500 684 1581 737 tui
1625 684 1897 738 continue

270 772 477 825 mentis
529 771 707 824 oculis
759 771 974 841 objicit,
1029 790 1127 824 cor
1178 771 1382 823 acerbo
1436 778 1590 823 metu
1638 789 1898 839 pungens

270 878 340 913 ne
391 860 496 913 tibi
548 865 711 913 secus
763 878 934 928 quam
987 859 1191 928 dignus
1243 877 1320 922 ee,
1380 866 1435 912 et
1489 876 1661 927 quam
1715 858 1897 912 anxiis

266 948 414 1002 votis
459 947 669 1011 ambio,
718 946 1049 1000 humanitus
1096 945 1307 1015 aliquid
1354 945 1671 1015 contingat.

343 1037 410 1099 In
456 1035 564 1089 hac
609 1042 709 1089 tua
754 1051 896 1088 nave
944 1034 1028 1088 tui
1071 1051 1288 1098 omneS,
1338 1034 1491 1103 quod
1536 1034 1616 1088 sic
1658 1042 1716 1088 te
1755 1033 1896 1088 velle

267 1131 495 1187 norunt,
548 1120 756 1175 eximio
807 1139 899 1173 me
943 1119 1157 1173 honore
1202 1119 1712 1188 benevolentiaque
1763 1138 1891 1188 pro-

268 1216 597 1278 sequuntur,
660 1197 1158 1261 subministrantes
1217 1208 1441 1259 abunde
1499 1215 1708 1259 cuncta
1770 1225 1897 1276 quae

268 1311 410 1362 opus
456 1300 606 1355 sunt,
653 1309 771 1345 non
819 1293 889 1345 ad
938 1292 1153 1345 victum
1201 1292 1372 1344 modo
1419 1308 1610 1345 meum
1655 1293 1897 1345 beneva-

266 1378 451 1442 lentiS,
496 1378 594 1431 sed
642 1385 697 1431 et
744 1377 817 1430 ad
860 1376 1213 1430 curationem
1257 1394 1452 1430 eorum
1497 1394 1626 1430 cum
1672 1377 1897 1446 quibuS,

270 1473 328 1517 ut
368 1465 496 1527 sciS,
538 1465 706 1516 istinc
746 1463 886 1514 solvi
924 1463 1352 1530 languentibus:
1396 1463 1759 1530 quiquidem
1799 1480 1900 1530 per

270 1550 377 1605 Dei
431 1547 876 1603 misericordiam
943 1551 1124 1612 (nam
1181 1547 1431 1601 misereri
1483 1555 1621 1601 tunc
1673 1566 1899 1619 quoque

269 1638 455 1691 Deum
508 1634 793 1690 credimus
845 1652 975 1689 cum
1023 1634 1201 1698 saevit,
1256 1635 1407 1704 quod
1464 1653 1531 1689 ex
1576 1635 1676 1690 tali
1724 1622 1896 1691 manu

270 1723 418 1775 mala
481 1723 653 1775 etiam
730 1721 844 1773 vim
915 1721 1225 1789 gratiarum
1291 1721 1599 1784 habeant)
1683 1723 1895 1785 divin0‚

268 1810 521 1878 inquam,
579 1808 857 1862 beneficio
916 1809 1049 1876 aegri
1109 1809 1288 1862 nostri
1347 1809 1597 1861 deterius
1662 1810 1718 1861 in
1776 1810 1898 1863 dies

267 1902 476 1965 valent,
511 1920 579 1954 ex
615 1919 727 1970 quo
764 1919 935 1970 quam
974 1919 1122 1970 aeger
1158 1901 1277 1969 ipse
1311 1900 1505 1954 animo
1539 1901 1666 1966 sim,
1697 1921 1895 1972 quam-

269 2006 376 2057 que
416 1987 532 2040 acri
573 1986 951 2040 sollicitudine
991 1986 1315 2050 discrucier,
1359 1987 1515 2041 novit
1557 1988 1652 2057 qui
1694 2006 1800 2042 nos
1839 1998 1895 2044 et

266 2073 592 2127 consolatur
623 2081 679 2126 et
708 2072 905 2142 affligit
933 2074 1163 2142 quando
1191 2073 1326 2137 vult,
1356 2074 1893 2142 providentissimus

266 2178 590 2213 amarorum
623 2169 680 2213 et
717 2160 967 2212 dulcium
999 2169 1349 2229 temperator
1378 2162 1690 2215 Dominus:
1730 2163 1893 2232 cujus

268 2249 338 2300 ab
391 2248 657 2300 omnibus
709 2266 933 2316 semper
984 2247 1042 2300 in
1091 2248 1248 2301 coelis
1301 2256 1356 2301 et
1405 2248 1461 2300 in
1502 2257 1651 2302 terra
1700 2249 1899 2304 laudes

267 2336 666 2406 praeconiaque
712 2335 1083 2389 celebrentur.

341 2423 512 2476 Mitto
558 2423 704 2476 istuc
751 2423 823 2475 ad
870 2430 944 2486 te,
993 2422 1240 2485 domine,
1290 2441 1432 2491 quas
1478 2424 1550 2476 ad
1600 2441 1789 2493 regem
1842 2434 1897 2479 et

268 2511 338 2562 ad
382 2510 562 2562 Indiae
602 2517 904 2578 praetorem
946 2509 1131 2561 scribo
1171 2509 1387 2561 litteras
1424 2518 1669 2577 apertaS,
1712 2511 1896 2579 sigillo

268 2597 570 2663 pendente,
619 2603 680 2648 ut
727 2613 841 2657 eaS,
890 2595 936 2647 si
978 2595 1217 2657 videtur,
1262 2595 1416 2662 legas
1459 2604 1514 2648 et
1558 2604 1761 2663 postea
1801 2599 1896 2650 ob-

269 2683 474 2753 signes.
556 2682 859 2752 Equidem,
920 2681 1168 2744 domine,
1236 2689 1335 2734 tua
1399 2700 1570 2734 causa
1628 2702 1895 2753 cuperem

269 2770 437 2824 istam
480 2788 513 2822 a
553 2788 644 2823 me
681 2771 874 2823 datam
917 2770 988 2822 ad
1030 2788 1218 2838 regem
1259 2770 1559 2838 epistolam
1601 2770 1900 2831 hocanno

270 2857 325 2910 in
380 2858 738 2911 Lusitaniam
789 2858 1021 2926 perferri
1074 2875 1107 2908 a
1153 2858 1401 2926 quodam
1456 2858 1559 2909 tibi
1614 2860 1749 2923 fido,
1803 2862 1899 2930 qui

269 2945 384 3014 regi
436 2962 563 2999 eam
616 2946 894 3009 redderet,
948 2953 1004 2998 et
1058 2944 1393 3014 rescriptum
1447 2944 1780 3015 impetraret
1833 2966 1900 3001 ac

278 3031 452 3086 referr
477 3045 587 3092 ov,
651 3032 859 3101 quippe
900 3048 1013 3085 non
1053 3039 1266 3085 temere
1305 3048 1552 3098 auguror
1593 3033 1649 3087 id
1691 3034 1803 3088 tale
1846 3035 1933 3089 for

339 3122 505 3193 quale
552 3121 717 3175 nobis
769 3118 1150 3174 communiter
1201 3117 1462 3189 expediat
1516 3118 1627 3173 huc
1680 3121 1970 3193 apportari
