2712 3754
754 342 823 412 48
1166 356 1347 396 Lmen
1384 356 1866 400 v1.—E1>1sToLA
1903 361 1957 398 v.

752 509 884 545 vera
961 492 1216 555 caritate,
1300 493 1403 546 sub
1485 493 1660 546 divini
1736 492 1989 562 obsequii
2069 491 2370 563 gloriaeque

749 577 986 632 ratione.

827 665 1037 718 Latum
1092 674 1196 729 est,
1251 666 1388 717 mihi
1441 667 1669 731 credite,
1722 667 2025 721 discrimen
2079 666 2225 720 inter
2275 685 2371 720 eos

751 750 845 820 qui
911 752 1035 804 Deo
1097 752 1297 815 fidunt,
1360 752 1620 807 instructi
1680 761 1873 807 tamen
1930 754 2149 808 cunctis
2205 754 2372 808 rebus

747 838 818 891 ad
864 839 1079 892 victum
1127 856 1402 909 usumque
1449 841 1800 904 necessariiS,
1847 848 1903 895 et
1948 858 2046 894 eos
2085 840 2180 910 qui
2219 840 2369 895 idem

746 925 896 980 istud
947 925 1161 981 faciunt
1207 926 1264 979 in
1310 945 1534 981 summa
1586 927 1957 982 destitutione
2009 935 2064 982 et
2118 935 2368 982 extrema

747 1021 1015 1082 egestate,
1076 1013 1132 1067 in
1190 1033 1360 1084 quam
1418 1034 1477 1069 se
1534 1014 1681 1070 ultro
1740 1014 1952 1071 Christi
2011 1034 2181 1070 causa
2241 1014 2362 1070 imi-

747 1100 905 1155 tandi
982 1100 1346 1170 conjecerint,
1424 1102 1555 1157 vitae
1631 1102 2011 1157 subsidiorum
2089 1101 2361 1157 omnium.

748 1190 828 1243 Ac
896 1190 1045 1259 quod
1116 1198 1201 1243 est
1271 1189 1402 1250 inde
1474 1208 1845 1261 consequenS,
1919 1189 2158 1244 multum
2229 1189 2364 1244 item

748 1276 998 1339 interest,
1053 1276 1199 1330 inter
1250 1293 1347 1329 eos
1398 1276 1493 1345 qui
1541 1277 1731 1340 fidem,
1779 1293 1938 1346 spem
1984 1276 2363 1346 fiduciamque

748 1362 803 1414 in
859 1364 981 1414 Deo
1034 1363 1312 1415 collocant
1367 1371 1523 1415 extra
1576 1364 1774 1416 mortis
1830 1363 2095 1432 pericula,
2153 1372 2209 1416 et
2266 1382 2364 1415 eos

749 1449 841 1518 qui
897 1451 1020 1503 Deo
1072 1450 1253 1503 fidunt
1305 1457 1360 1503 et
1412 1449 1469 1502 in
1523 1450 1615 1503 illo
1667 1458 1914 1518 sperant,
1968 1451 2103 1504 dum
2156 1457 2359 1519 sponte

748 1554 814 1587 ac
864 1534 1135 1598 volentes,
1193 1554 1306 1604 quo
1363 1535 1413 1587 ei
1469 1535 1874 1604 gratificentur,
1928 1535 1985 1587 in
2037 1535 2365 1589 discrimina

752 1640 810 1676 se
854 1622 1052 1676 mortis
1099 1621 1381 1676 evidentia
1426 1622 1720 1692 objiciunt,
1768 1621 1969 1676 horum
2008 1623 2367 1677 vitandorum

753 1718 848 1763 aut
919 1710 1308 1762 adeundorum
1384 1717 1727 1779 potestatem
1803 1718 1858 1763 et
1934 1709 2161 1780 plenum
2225 1709 2367 1763 arbi—

756 1797 926 1850 trium
974 1796 1265 1850 habentes.
1345 1798 1493 1850 Sane
1540 1797 1677 1850 mihi
1721 1797 1943 1869 videtur
1987 1797 2082 1867 qui
2127 1796 2207 1851 sic
2262 1797 2368 1862 ele-

750 1882 892 1952 gerit
938 1882 995 1935 in
1042 1881 1327 1936 continuis
1371 1881 1502 1936 vitae
1548 1881 1809 1951 periculis
1852 1882 2056 1946 vivere,
2103 1900 2171 1936 ex
2215 1900 2369 1936 mero

756 1970 946 2024 studio
1012 1972 1135 2022 Deo
1201 1970 1496 2033 serviendi,
1561 1971 1716 2023 omni
1783 1971 1893 2023 alio
1960 1979 2218 2040 respectu
2274 1979 2370 2024 aut

752 2056 863 2108 fine
943 2057 1170 2124 rejectO,
1247 2056 1401 2108 brevi
1478 2063 1734 2124 tempore
1804 2072 2071 2109 sensurus
2139 2056 2370 2109 taedium

753 2140 883 2194 vitae
943 2140 1254 2208 praesentis,
1314 2149 1369 2193 et
1427 2140 1768 2193 desiderium
1827 2141 2044 2204 mortiS,
2097 2159 2208 2210 qua
2259 2141 2372 2194 cito

750 2227 1121 2279 transferatur
1175 2228 1247 2278 ad
1298 2228 1473 2279 vitam
1530 2227 1819 2279 meliorem
1872 2236 1928 2280 et
1991 2236 2186 2295 regnet
2241 2245 2369 2280 cum

755 2313 878 2365 Deo
929 2312 986 2364 in
1039 2311 1221 2372 coelis;
1275 2313 1505 2381 quando
1557 2311 1678 2364 haec
1723 2330 1894 2381 quam
1938 2330 2211 2365 vocamus
2253 2312 2371 2365 vita

754 2417 906 2453 mors
957 2399 1145 2470 potius
1195 2398 1362 2469 longa
1414 2406 1517 2463 est,
1565 2406 1620 2452 et
1666 2399 1891 2452 exilium
1938 2418 1971 2452 a
2016 2398 2208 2469 gloria,
2257 2417 2368 2470 qua

753 2497 814 2544 ut
865 2488 1114 2543 fruamur
1167 2504 1361 2542 sumus
1413 2488 1646 2542 conditi.

827 2575 1038 2628 Dicunt
1102 2574 1239 2627 mihi
1299 2575 1528 2627 Fratres
1581 2574 1759 2627 nostri
1812 2593 1879 2627 ac
1930 2573 2068 2627 socii
2118 2575 2370 2647 Japones

754 2664 848 2734 qui
909 2662 1206 2716 nobiscum
1264 2662 1321 2714 in
1376 2662 1681 2734 Japoniam
1742 2663 2193 2732 proficiscuntur,
2254 2662 2371 2716 fore

754 2758 814 2804 ut
871 2751 1230 2803 offendantur
1286 2750 1379 2818 qui
1437 2750 1612 2802 sacris
1672 2749 1782 2802 illic
1842 2757 2110 2817 praesunt,
2169 2749 2216 2802 si
2268 2766 2373 2802 nos

753 2840 982 2894 videant
1028 2857 1195 2893 carne
1240 2845 1338 2892 aut
1384 2837 1538 2907 pisce
1582 2838 1762 2893 vesci:
1811 2857 1983 2908 quare
2028 2837 2175 2892 imus
2213 2836 2369 2900 certi,

756 2925 1055 2996 quantavis
1107 2943 1249 2995 opus
1300 2925 1466 2980 fuerit
1523 2925 1705 2980 diaetae
1759 2925 2074 2989 severitate,
2121 2924 2249 2980 talis
2293 2923 2371 2979 of·

757 3011 1028 3066 fensionis
1097 3011 1455 3066 occasionem
1526 3011 1737 3065 tollere.
1816 3011 1989 3065 Aiunt
2058 3011 2153 3081 qui
2221 3010 2371 3065 illinc

759 3098 991 3153 veniunt
1062 3117 1325 3169 magnam
1394 3117 1516 3153 esse
1582 3099 1658 3152 ibi
1725 3098 2142 3154 multitudinem
2209 3099 2371 3154 istius
