2639 3798
652 358 838 395 LIBER
875 358 954 394 VI.
976 372 1049 379 —
1071 358 1365 395 EPISTOLA
1405 357 1442 393 1.

1832 360 1864 406 3

229 495 413 567 optari
491 494 665 548 studii
724 502 793 547 et
865 494 1072 547 favoris
1142 503 1338 564 posset
1414 496 1487 546 ad
1550 493 1864 562 ¹expedien-

229 584 364 637 dum
422 588 478 635 et
534 581 989 656 promovendum
1048 581 1158 634 hoc
1215 589 1476 634 nostrum
1531 580 1655 642 iter,
1708 580 1863 649 quod

230 685 435 738 magna
492 685 592 737 spe
666 667 792 720 Deo
865 666 1225 731 inserviendi,
1285 675 1341 722 et
1400 666 1690 736 majestati
1747 673 1862 721 tuae

227 757 605 829 gratificandi,
666 754 1048 825 suscepimus:
1109 774 1241 808 mox
1296 755 1600 807 verborum
1662 752 1862 807 huma-

229 842 467 898 nitatem
530 841 842 896 officiorum
907 843 1207 897 sedulitate
1269 843 1576 912 superavit.
1658 844 1749 896 Ita
1807 859 1860 895 e-

229 929 346 982 nim
410 927 724 981 elaboravit
789 927 846 979 in
912 929 1218 997 quaerenda
1283 928 1448 999 nobis
1509 945 1655 980 nave
1706 945 1860 981 com-

229 1017 415 1080 moda,
470 1024 792 1085 caeteraque
843 1016 1272 1085 opportunitate
1325 1016 1685 1085 procuranda
1733 1023 1861 1068 tuto

228 1111 281 1158 et
345 1102 509 1155 facile
572 1102 846 1171 pergendi
912 1120 1025 1171 quo
1088 1103 1397 1166 tendimus,
1454 1110 1515 1155 ut
1567 1120 1695 1171 quae
1747 1119 1862 1171 quo

228 1191 471 1262 primum
538 1191 628 1243 die
692 1190 803 1243 huc
867 1189 1190 1259 appulimus
1241 1189 1548 1242 liberaliter
1597 1197 1655 1243 et
1706 1188 1862 1242 beni-

226 1294 333 1346 gne
392 1277 570 1331 multa
629 1277 988 1346 promiserat,
1051 1277 1502 1330 cumulatissime
1554 1293 1864 1346 repraesen-

225 1370 390 1417 taret.
458 1362 748 1434 Quidquid
800 1361 923 1431 ejus
962 1363 1268 1432 potestatis
1309 1362 1431 1427 fuit,
1473 1363 1530 1417 in
1568 1379 1637 1417 eo
1673 1379 1863 1432 prom-

225 1461 337 1523 pte,
386 1453 678 1515 benevole,
726 1452 874 1503 ultro
920 1453 1084 1503 nobis
1130 1452 1419 1503 offerendo
1459 1450 1600 1503 nihil
1639 1450 1746 1502 sibi
1787 1450 1862 1503 ad

229 1556 511 1593 summam
583 1539 1003 1592 humanitatem
1057 1539 1253 1608 reliqui
1308 1539 1469 1602 fecit3
1549 1556 1677 1609 quae
1729 1556 1865 1590 vero

227 1626 443 1679 ambitu
497 1634 553 1679 et
605 1626 788 1695 gratia
841 1630 1128 1679 exoranda
1179 1627 1251 1678 ab
1304 1625 1429 1679 aliis
1468 1625 1641 1689 fuere,
1685 1626 1744 1679 in
1797 1626 1866 1678 iis

226 1713 617 1767 eblandiendis
669 1714 826 1766 omni
881 1714 1089 1777 studi0,
1144 1721 1352 1767 conatu
1408 1713 1564 1766 omni
1619 1712 1863 1767 efficien-

228 1800 330 1864 dis,
395 1808 623 1855 tantum
689 1800 1019 1863 elaboravit,
1085 1808 1319 1870 tamque
1384 1800 1592 1869 insigni
1651 1809 1865 1853 tenerae

229 1885 284 1938 in
354 1904 459 1939 nos
529 1886 785 1940 caritatis
856 1886 1347 1940 demonstratione
1419 1893 1615 1939 nostra
1691 1903 1866 1940 causa

230 1972 545 2036 contendit,
609 1980 671 2026 ut
733 1971 896 2025 facile
958 1972 1273 2025 sentiamus
1326 1990 1432 2025 nos
1485 1989 1711 2041 semper
1762 1971 1865 2024 im·

230 2075 392 2125 pares
450 2057 569 2112 fore
626 2057 720 2112 isti
778 2058 901 2127 ejus
954 2059 1388 2112 remunerandae
1440 2058 1864 2120 beneficentiae3

231 2163 339 2214 qua
386 2147 663 2216 majorem
704 2147 1193 2217 efficacioremque
1234 2165 1305 2199 ne
1345 2166 1379 2199 a
1418 2145 1591 2200 fratre
1630 2146 1892 2216 quidem>

232 2249 501 2301 germano
558 2243 888 2304 exspectare
946 2244 1297 2304 poteramus.

303 2321 409 2375 Per
461 2340 574 2392 quo
639 2323 828 2376 Deum
898 2321 1213 2376 Dominum
1284 2330 1545 2376 nostrum
1615 2313 1863 2396 comple·

231 2407 397 2462 cteris
457 2426 732 2472 amorem,
796 2426 896 2463 oro
948 2409 1298 2478 obsecroque
1349 2416 1426 2473 te,
1481 2409 1732 2473 domine,
1801 2417 1863 2464 ut

232 2511 355 2563 quae
402 2494 646 2565 plurima
690 2495 800 2548 hoc
846 2495 1077 2547 nomine
1132 2496 1301 2547 Petro
1347 2495 1419 2547 de
1471 2494 1643 2566 Sylva
1694 2495 1862 2549 debe-

234 2596 373 2644 muS,
453 2584 764 2651 rependere
823 2583 946 2635 vice
1026 2591 1221 2635 nostra
1286 2583 1559 2651 majestas
1623 2591 1724 2636 tua
1782 2584 1861 2636 di-

232 2669 451 2731 gnetur.
528 2668 713 2735 Large
765 2666 1118 2735 suppeditari
1159 2667 1329 2735 jussit
1375 2667 1653 2735 quidquid
1700 2669 1866 2722 nobis

234 2768 372 2820 opus
447 2754 571 2818 fuit,
644 2773 760 2806 non
831 2755 1005 2805 modo
1075 2753 1132 2804 in
1202 2752 1477 2818 viaticum*
1551 2752 1863 2823 navigatio-

234 2837 502 2896 nishinc
554 2841 612 2895 in
677 2842 1014 2911 Japoniam;
1078 2840 1186 2895 sed
1232 2841 1289 2894 in
1343 2849 1637 2911 sumptum
1690 2842 1865 2896 etiarn

235 2930 287 2975 et
351 2925 566 2980 victum
638 2926 1108 2981 commorationis
1178 2926 1289 2981 illic
1356 2926 1744 2996 longiusculae‚
1810 2936 1867 2984 et

235 3013 670 3068 aedificationem
725 3016 915 3071 sacelli
968 3016 1064 3067 ubi
1094 3014 1344 3067 *sacrum
1412 3016 1605 3068 Missae
1659 3016 1869 3068 sacrifi·
1915 3043 1923 3053 ›

235 3096 380 3152 cium
446 3102 645 3155 offerre
713 3104 838 3155 Deo
903 3102 1218 3170 possimus:
1287 3121 1459 3171 quam
1522 3104 1750 3172 proprie
1811 3104 1869 3156 in
