2639 3798
691 344 894 396 ,mm-:R
934 346 1417 386 lx.-—EPISTOLA
1460 346 1514 386 x.
1820 332 1925 407 385

315 502 318 505 ·
452 497 591 535 EUs
644 502 744 553 per
791 502 951 536 suam
1005 483 1559 553 indulgentissimam
1608 481 1921 537 misericor-

487 569 660 635 diam,
721 571 970 635 domine,
1029 580 1189 625 tuam
1248 571 1545 624 nobiscum
1606 570 1797 633 navim
1863 569 1921 622 in

284 656 437 710 hunc
479 657 927 712 Sancianensem
969 667 1197 728 portum
1240 659 1502 728 perduxit
1549 657 1913 711 incolumem.

290 742 403 797 Hic
449 764 575 815 quae
622 744 695 799 sit
740 745 885 800 ratio
932 746 1299 816 conditioque
1352 744 1699 808 commercii,
1748 743 1916 815 quive

287 832 691 902 negotiationis
733 842 830 888 aut
873 833 1088 888 fructus
1130 853 1382 904 praesens
1424 841 1595 897 extet,
1643 841 1742 886 aut
1788 851 1918 903 spes

288 920 344 973 in
383 929 675 989 posterum
713 922 995 991 affulgeat,
1031 922 1281 977 scribent
1318 923 1390 976 ad
1426 929 1484 976 te
1521 920 1684 975 multi
1719 920 1917 974 talium

288 1007 560 1062 callentes
575 1027 587 1070 ;
634 1028 758 1078 eg0,
803 1010 899 1079 qui
942 1028 1142 1079 parum
1184 1009 1272 1062 his
1312 1009 1568 1073 attendO,
1606 1007 1921 1062 consultius

288 1095 483 1164 putavi
530 1096 600 1148 de
643 1115 700 1149 re
745 1096 933 1150 minus
977 1096 1114 1150 mihi
1159 1104 1297 1150 nota
1338 1097 1511 1150 verba
1554 1113 1669 1149 non
1711 1093 1915 1149 facere.

362 1183 530 1251 Quod
572 1183 683 1235 mei
725 1191 810 1236 est
850 1183 1061 1252 negotii
1097 1202 1264 1236 narro
1298 1183 1421 1246 tibi,
1461 1189 1788 1251 exspectare
1826 1200 1917 1236 me

285 1269 341 1321 in
379 1269 501 1322 dies
538 1270 789 1340 singulos
828 1274 1203 1324 mercatorem
1244 1270 1339 1340 qui
1376 1270 1589 1339 recepit
1627 1289 1687 1322 se
1727 1260 1818 1322 me
1857 1269 1915 1323 in

285 1356 611 1410 Cantonem
639 1365 1055 1426 pervecturum.
1094 1357 1370 1427 Transegi
1400 1375 1528 1412 cum
1558 1374 1626 1411 eo
1654 1364 1716 1411 ut
1744 1356 1914 1412 istam

284 1442 424 1495 mihi
474 1463 706 1515 operam
762 1452 1079 1514 praestaret,
1134 1444 1432 1514 promissis
1485 1444 1913 1498 mercedis-no-

281 1531 433 1585 mine
486 1532 685 1601 viginti
736 1534 889 1604 piciS,
943 1541 1003 1587 ut
1057 1533 1149 1587 hic
1201 1533 1354 1603 loqui
1408 1533 1610 1597 solent,
1666 1532 1775 1586 hoc
1828 1541 1915 1585 est

282 1619 562 1673 mensuris
594 1619 822 1690 piperis,
853 1639 1091 1690 quarum
1125 1639 1483 1690 unaquaeque
1509 1620 1681 1675 libras
1712 1621 1912 1690 pendit

281 1715 511 1761 centum
564 1709 766 1779 viginti
819 1709 1112 1762 lusitanas.
1193 1709 1475 1762 Succedat
1527 1708 1749 1762 utinam
1802 1708 1912 1763 hoc

280 1795 572 1865 negotium
631 1799 725 1860 (et
772 1814 1167 1849 successurum
1214 1800 1415 1865 spero)
1472 1797 1544 1849 ad
1598 1795 1908 1849 maximum

280 1882 387 1936 Dei
436 1883 672 1936 Domini
719 1883 899 1937 nostri
946 1882 1283 1952 obsequium
1329 1891 1384 1937 et
1431 1883 1689 1951 gloriam.

351 1970 411 2023 Si
458 1970 621 2040 cujus
665 1970 914 2023 hominis
967 1970 1024 2022 in
1071 1989 1137 2022 ea
1183 1977 1307 2023 tota
1349 1988 1407 2022 re
1455 1969 1721 2023 meritum
1761 1987 1909 2038 ,erga

276 2056 531 2111 divinum
562 2059 791 2111 Numen
822 2057 1037 2111 extabit
1070 2057 1264 2120 ullum,
1298 2065 1461 2110 tuum
1494 2057 1751 2126 profecto
1783 2057 1907 2121 erit,

274 2142 490 2212 tibique
527 2142 584 2195 in
624 2143 868 2196 solidum
907 2142 1307 2211 imputabitur;
1351 2142 1624 2211 quoniam
1663 2150 1718 2198 et
1756 2160 1907 2198 sum-

275 2239 436 2301 ptum
488 2231 814 2286 universum
863 2250 1005 2284 meae
1054 2249 1425 2301 meorumque
1478 2229 1756 2285 comitum
1810 2230 1907 2285 ad-

273 2320 552 2373 vectionis
604 2320 662 2373 in
710 2320 859 2373 hanc
909 2320 1173 2383 insulam,
1228 2328 1616 2389 praetereaque
1662 2319 1909 2389 pretium

274 2425 306 2458 a
352 2424 443 2460 me
487 2414 740 2477 pactum,
789 2414 850 2459 ut
897 2405 1028 2469 dixi,
1082 2423 1187 2475 pro
1234 2413 1431 2459 nostra
1482 2406 1909 2461 introductione

272 2492 330 2545 in
391 2494 782 2547 continentem
843 2491 1095 2546 Sinicam
1157 2492 1627 2562 provinciamque
1692 2494 1907 2547 Canto-

273 2578 446 2641 niam,
503 2578 895 2631 liberalissime
947 2586 1008 2630 tu
1063 2578 1334 2646 suggeris.

342 2664 599 2719 Thomas
629 2664 964 2718 Scandelius
1000 2672 1338 2733 procurator
1374 2671 1507 2717 tuus
1540 2682 1767 2717 summa
1794 2664 1907 2719 fide

272 2751 567 2820 exequitur
602 2751 754 2820 quod
792 2751 868 2803 illi
906 2750 1343 2813 commendasti,
1383 2751 1526 2802 dans
1565 2750 1704 2802 mihi
1745 2750 1905 2819 quid·

270 2836 405 2906 quid
451 2837 522 2890 ab
568 2836 693 2906 ipso
738 2836 983 2906 postulo·
1066 2837 1222 2889 Deus
1268 2834 1345 2888 illi
1391 2835 1668 2904 rependat
1722 2823 1904 2889 chari-

269 2932 449 2978 tatem
492 2934 716 2979 tantam
757 2932 812 2978 et
853 2924 1187 2994 quotidiana
1226 2923 1521 2987 beneficia,
1564 2923 1769 2994 quibus
1812 2942 1903 2978 me

273 3009 329 3064 in
389 3012 545 3065 omni
603 3012 907 3066 occasione
962 3011 1445 3080 opportunissime
1506 3012 1727 3064 afficere
1790 3030 1906 3064 non

273 3096 500 3152 desinit.
