<?xml version="1.0" encoding="UTF-8"?>
<!DOCTYPE html PUBLIC "-//W3C//DTD XHTML 1.0 Transitional//EN"
    "http://www.w3.org/TR/xhtml1/DTD/xhtml1-transitional.dtd">
<html xmlns="http://www.w3.org/1999/xhtml" xml:lang="en" lang="en">
 <head>
  <title>
</title>
<meta http-equiv="Content-Type" content="text/html;charset=utf-8" />
  <meta name='ocr-system' content='tesseract 3.04.00' />
  <meta name='ocr-capabilities' content='ocr_page ocr_carea ocr_par ocr_line ocrx_word'/>
</head>
<body>
  <div class='ocr_page' id='page_1' title='image "./pts_epistolae_3720-0638_v2/pts_epistolae_3720-0638_v2_0168.png"; bbox 0 0 2639 3798; ppageno 0'>
   <div class='ocr_carea' id='block_1_1' title="bbox 68 458 279 602">
    <p class='ocr_par' dir='ltr' id='par_1_1' title="bbox 68 458 279 602">
     <span class='ocr_line' id='line_1_1' title="bbox 68 458 279 602; baseline 0 3196"><span class='ocrx_word' id='word_1_1' title='bbox 68 458 279 602; x_wconf 95' lang='lat' dir='ltr'> </span> 
     </span>
    </p>
   </div>
   <div class='ocr_carea' id='block_1_2' title="bbox 0 0 2639 338">
    <p class='ocr_par' dir='ltr' id='par_1_2' title="bbox 0 0 2639 338">
     <span class='ocr_line' id='line_1_2' title="bbox 0 0 2639 338; baseline 0.003 -9"><span class='ocrx_word' id='word_1_2' title='bbox 0 0 2639 338; x_wconf 95' lang='lat' dir='ltr'>  </span> 
     </span>
    </p>
   </div>
   <div class='ocr_carea' id='block_1_3' title="bbox 656 357 1922 414">
    <p class='ocr_par' dir='ltr' id='par_1_3' title="bbox 656 357 1922 414">
     <span class='ocr_line' id='line_1_3' title="bbox 656 357 1922 414; baseline -0.001 -14"><span class='ocrx_word' id='word_1_3' title='bbox 656 360 842 400; x_wconf 87' lang='lat' dir='ltr'><strong>LIBER</strong></span> <span class='ocrx_word' id='word_1_4' title='bbox 879 360 1394 404; x_wconf 78' lang='lat' dir='ltr'><strong>VIL—EPISTOLA</strong></span> <span class='ocrx_word' id='word_1_5' title='bbox 1430 361 1534 403; x_wconf 88' lang='lat' dir='ltr'>vn.</span> <span class='ocrx_word' id='word_1_6' title='bbox 1817 357 1922 414; x_wconf 86' lang='lat'>159</span> 
     </span>
    </p>
   </div>
   <div class='ocr_carea' id='block_1_4' title="bbox 1111 458 2639 548">
    <p class='ocr_par' dir='ltr' id='par_1_4' title="bbox 1111 458 2639 548">
     <span class='ocr_line' id='line_1_4' title="bbox 1111 458 2639 548; baseline 0 -88"><span class='ocrx_word' id='word_1_7' title='bbox 1111 458 2639 548; x_wconf 95' lang='lat' dir='ltr'>  </span> 
     </span>
    </p>
   </div>
   <div class='ocr_carea' id='block_1_5' title="bbox 279 494 1921 1358">
    <p class='ocr_par' dir='ltr' id='par_1_5' title="bbox 279 494 1921 745">
     <span class='ocr_line' id='line_1_5' title="bbox 279 494 1921 568; baseline -0.001 -17"><span class='ocrx_word' id='word_1_8' title='bbox 279 505 452 566; x_wconf 92' lang='lat' dir='ltr'>atque</span> <span class='ocrx_word' id='word_1_9' title='bbox 499 494 780 550; x_wconf 90' lang='lat' dir='ltr'>institutis</span> <span class='ocrx_word' id='word_1_10' title='bbox 834 495 1111 553; x_wconf 89' lang='lat' dir='ltr'>civilibus.</span> <span class='ocrx_word' id='word_1_11' title='bbox 1191 499 1395 568; x_wconf 92' lang='lat' dir='ltr'>Itaque</span> <span class='ocrx_word' id='word_1_12' title='bbox 1442 497 1579 552; x_wconf 91' lang='lat' dir='ltr'>illud</span> <span class='ocrx_word' id='word_1_13' title='bbox 1631 496 1921 567; x_wconf 86' lang='lat' dir='ltr'>praecipue</span> 
     </span>
     <span class='ocr_line' id='line_1_6' title="bbox 280 584 1919 656; baseline -0.001 -16"><span class='ocrx_word' id='word_1_14' title='bbox 280 586 580 656; x_wconf 82' lang='lat' dir='ltr'><strong>urgebant,</strong></span> <span class='ocrx_word' id='word_1_15' title='bbox 625 585 672 637; x_wconf 92' lang='lat' dir='ltr'>si</span> <span class='ocrx_word' id='word_1_16' title='bbox 715 585 796 638; x_wconf 92' lang='lat' dir='ltr'>ita</span> <span class='ocrx_word' id='word_1_17' title='bbox 838 605 927 638; x_wconf 92' lang='lat' dir='ltr'>res</span> <span class='ocrx_word' id='word_1_18' title='bbox 974 595 1122 639; x_wconf 92' lang='lat' dir='ltr'>esset</span> <span class='ocrx_word' id='word_1_19' title='bbox 1169 587 1252 640; x_wconf 92' lang='lat' dir='ltr'>uti</span> <span class='ocrx_word' id='word_1_20' title='bbox 1300 606 1405 640; x_wconf 93' lang='lat' dir='ltr'>nos</span> <span class='ocrx_word' id='word_1_21' title='bbox 1453 584 1919 655; x_wconf 81' lang='lat' dir='ltr'>praedicaremUS,</span> 
     </span>
     <span class='ocr_line' id='line_1_7' title="bbox 280 673 1388 745; baseline 0 -18"><span class='ocrx_word' id='word_1_22' title='bbox 280 675 379 745; x_wconf 79' lang='lat' dir='ltr'>qui</span> <span class='ocrx_word' id='word_1_23' title='bbox 419 674 578 726; x_wconf 90' lang='lat' dir='ltr'>fieret</span> <span class='ocrx_word' id='word_1_24' title='bbox 621 680 683 725; x_wconf 94' lang='lat' dir='ltr'>ut</span> <span class='ocrx_word' id='word_1_25' title='bbox 726 673 784 725; x_wconf 89' lang='lat' dir='ltr'>id</span> <span class='ocrx_word' id='word_1_26' title='bbox 829 673 980 726; x_wconf 88' lang='lat' dir='ltr'>Sinae</span> <span class='ocrx_word' id='word_1_27' title='bbox 1024 674 1388 743; x_wconf 81' lang='lat' dir='ltr'><strong>ignorarent?</strong></span> 
     </span>
    </p>

    <p class='ocr_par' dir='ltr' id='par_1_6' title="bbox 279 759 1921 1358">
     <span class='ocr_line' id='line_1_8' title="bbox 354 759 1918 831; baseline -0.001 -18"><span class='ocrx_word' id='word_1_28' title='bbox 354 760 491 814; x_wconf 84' lang='lat' dir='ltr'>Post</span> <span class='ocrx_word' id='word_1_29' title='bbox 557 759 766 813; x_wconf 89' lang='lat' dir='ltr'>multas</span> <span class='ocrx_word' id='word_1_30' title='bbox 830 762 1295 830; x_wconf 82' lang='lat' dir='ltr'>percontationes</span> <span class='ocrx_word' id='word_1_31' title='bbox 1354 780 1421 816; x_wconf 92' lang='lat' dir='ltr'>ac</span> <span class='ocrx_word' id='word_1_32' title='bbox 1476 759 1918 831; x_wconf 81' lang='lat' dir='ltr'>disputationeS,</span> 
     </span>
     <span class='ocr_line' id='line_1_9' title="bbox 279 847 1920 919; baseline -0.001 -16"><span class='ocrx_word' id='word_1_33' title='bbox 279 847 704 917; x_wconf 91' lang='lat' dir='ltr'>Amanguciani</span> <span class='ocrx_word' id='word_1_34' title='bbox 732 848 805 902; x_wconf 93' lang='lat' dir='ltr'>ad</span> <span class='ocrx_word' id='word_1_35' title='bbox 836 847 1050 903; x_wconf 85' lang='lat' dir='ltr'>Christi</span> <span class='ocrx_word' id='word_1_36' title='bbox 1100 849 1419 904; x_wconf 81' lang='lat' dir='ltr'>Ecclesiam</span> <span class='ocrx_word' id='word_1_37' title='bbox 1466 847 1761 919; x_wconf 84' lang='lat' dir='ltr'>aggregari</span> <span class='ocrx_word' id='word_1_38' title='bbox 1807 865 1920 902; x_wconf 90' lang='lat' dir='ltr'>coe-</span> 
     </span>
     <span class='ocr_line' id='line_1_10' title="bbox 281 935 1920 1007; baseline -0.001 -17"><span class='ocrx_word' id='word_1_39' title='bbox 281 936 365 1007; x_wconf 90' lang='lat' dir='ltr'>pti</span> <span class='ocrx_word' id='word_1_40' title='bbox 408 935 618 1006; x_wconf 88' lang='lat' dir='ltr'>partim</span> <span class='ocrx_word' id='word_1_41' title='bbox 657 956 688 989; x_wconf 93' lang='lat' dir='ltr'>e</span> <span class='ocrx_word' id='word_1_42' title='bbox 724 935 906 1006; x_wconf 84' lang='lat' dir='ltr'><strong>plebe,</strong></span> <span class='ocrx_word' id='word_1_43' title='bbox 951 937 1159 1006; x_wconf 92' lang='lat' dir='ltr'>partim</span> <span class='ocrx_word' id='word_1_44' title='bbox 1197 957 1226 990; x_wconf 93' lang='lat' dir='ltr'>e</span> <span class='ocrx_word' id='word_1_45' title='bbox 1265 937 1565 991; x_wconf 88' lang='lat' dir='ltr'>nobilitate</span> <span class='ocrx_word' id='word_1_46' title='bbox 1578 954 1592 1000; x_wconf 90' lang='lat'>;</span> <span class='ocrx_word' id='word_1_47' title='bbox 1653 954 1721 990; x_wconf 88' lang='lat' dir='ltr'>ac</span> <span class='ocrx_word' id='word_1_48' title='bbox 1763 953 1920 989; x_wconf 92' lang='lat' dir='ltr'>men-</span> 
     </span>
     <span class='ocr_line' id='line_1_11' title="bbox 281 1021 1921 1094; baseline -0.002 -15"><span class='ocrx_word' id='word_1_49' title='bbox 281 1028 428 1079; x_wconf 88' lang='lat' dir='ltr'>sium</span> <span class='ocrx_word' id='word_1_50' title='bbox 488 1025 734 1078; x_wconf 89' lang='lat' dir='ltr'>duorum</span> <span class='ocrx_word' id='word_1_51' title='bbox 787 1024 974 1094; x_wconf 89' lang='lat' dir='ltr'>spatio</span> <span class='ocrx_word' id='word_1_52' title='bbox 1027 1024 1161 1079; x_wconf 88' lang='lat' dir='ltr'>facti</span> <span class='ocrx_word' id='word_1_53' title='bbox 1215 1033 1346 1079; x_wconf 87' lang='lat' dir='ltr'>sunt</span> <span class='ocrx_word' id='word_1_54' title='bbox 1405 1023 1703 1079; x_wconf 85' lang='lat' dir='ltr'>christiani</span> <span class='ocrx_word' id='word_1_55' title='bbox 1755 1021 1921 1077; x_wconf 88' lang='lat' dir='ltr'>facile</span> 
     </span>
     <span class='ocr_line' id='line_1_12' title="bbox 279 1111 1921 1187; baseline -0.001 -22"><span class='ocrx_word' id='word_1_56' title='bbox 279 1111 603 1181; x_wconf 86' lang='lat' dir='ltr'>quingenti,</span> <span class='ocrx_word' id='word_1_57' title='bbox 644 1119 817 1180; x_wconf 92' lang='lat' dir='ltr'>atque</span> <span class='ocrx_word' id='word_1_58' title='bbox 856 1111 951 1166; x_wconf 90' lang='lat' dir='ltr'>hic</span> <span class='ocrx_word' id='word_1_59' title='bbox 990 1130 1259 1165; x_wconf 91' lang='lat' dir='ltr'>numerus</span> <span class='ocrx_word' id='word_1_60' title='bbox 1299 1120 1539 1182; x_wconf 87' lang='lat' dir='ltr'>augetur</span> <span class='ocrx_word' id='word_1_61' title='bbox 1576 1112 1635 1164; x_wconf 92' lang='lat' dir='ltr'>in</span> <span class='ocrx_word' id='word_1_62' title='bbox 1663 1111 1814 1187; x_wconf 86' lang='lat' dir='ltr'>dies:</span> <span class='ocrx_word' id='word_1_63' title='bbox 1858 1118 1921 1163; x_wconf 93' lang='lat' dir='ltr'>ut</span> 
     </span>
     <span class='ocr_line' id='line_1_13' title="bbox 280 1197 1921 1270; baseline -0.002 -16"><span class='ocrx_word' id='word_1_64' title='bbox 280 1216 633 1269; x_wconf 83' lang='lat' dir='ltr'><strong>magnopere</strong></span> <span class='ocrx_word' id='word_1_65' title='bbox 690 1199 1023 1265; x_wconf 84' lang='lat' dir='ltr'>laetandum,</span> <span class='ocrx_word' id='word_1_66' title='bbox 1085 1201 1322 1270; x_wconf 89' lang='lat' dir='ltr'>Deoque</span> <span class='ocrx_word' id='word_1_67' title='bbox 1380 1198 1785 1270; x_wconf 92' lang='lat' dir='ltr'>gratulandum</span> <span class='ocrx_word' id='word_1_68' title='bbox 1846 1197 1921 1259; x_wconf 88' lang='lat' dir='ltr'>sit</span> 
     </span>
     <span class='ocr_line' id='line_1_14' title="bbox 284 1276 1921 1358; baseline -0.001 -17"><span class='ocrx_word' id='word_1_69' title='bbox 284 1294 403 1341; x_wconf 88' lang='lat' dir='ltr'>tarn</span> <span class='ocrx_word' id='word_1_70' title='bbox 453 1286 665 1342; x_wconf 90' lang='lat' dir='ltr'>multos</span> <span class='ocrx_word' id='word_1_71' title='bbox 726 1305 850 1341; x_wconf 91' lang='lat' dir='ltr'>esse</span> <span class='ocrx_word' id='word_1_72' title='bbox 911 1288 1007 1356; x_wconf 88' lang='lat' dir='ltr'>qui</span> <span class='ocrx_word' id='word_1_73' title='bbox 1055 1287 1271 1342; x_wconf 85' lang='lat' dir='ltr'>Christi</span> <span class='ocrx_word' id='word_1_74' title='bbox 1317 1276 1651 1358; x_wconf 85' lang='lat' dir='ltr'>religionem</span> <span class='ocrx_word' id='word_1_75' title='bbox 1706 1279 1921 1357; x_wconf 88' lang='lat' dir='ltr'>ample-</span> 
     </span>
    </p>
   </div>
   <div class='ocr_carea' id='block_1_6' title="bbox 280 1371 1937 1535">
    <p class='ocr_par' dir='ltr' id='par_1_7' title="bbox 280 1371 2017 1535">
     <span class='ocr_line' id='line_1_15' title="bbox 280 1371 1937 1444; baseline 0 -17"><span class='ocrx_word' id='word_1_76' title='bbox 280 1381 526 1439; x_wconf 89' lang='lat' dir='ltr'>ctantur,</span> <span class='ocrx_word' id='word_1_77' title='bbox 583 1372 793 1444; x_wconf 90' lang='lat' dir='ltr'>quique</span> <span class='ocrx_word' id='word_1_78' title='bbox 838 1372 1172 1428; x_wconf 84' lang='lat' dir='ltr'>bonziorum</span> <span class='ocrx_word' id='word_1_79' title='bbox 1218 1371 1472 1429; x_wconf 78' lang='lat' dir='ltr'>fallacias</span> <span class='ocrx_word' id='word_1_80' title='bbox 1525 1373 1937 1444; x_wconf 86' lang='lat' dir='ltr'>librorumque</span> 
     </span>
     <span class='ocr_line' id='line_1_16' title="bbox 280 1462 1915 1535; baseline 0 -20"><span class='ocrx_word' id='word_1_81' title='bbox 280 1481 512 1515; x_wconf 92' lang='lat' dir='ltr'>suorum</span> <span class='ocrx_word' id='word_1_82' title='bbox 541 1470 713 1532; x_wconf 90' lang='lat' dir='ltr'>atque</span> <span class='ocrx_word' id='word_1_83' title='bbox 741 1470 1025 1516; x_wconf 91' lang='lat' dir='ltr'>sectarum</span> <span class='ocrx_word' id='word_1_84' title='bbox 1061 1462 1331 1531; x_wconf 90' lang='lat' dir='ltr'>mysteria</span> <span class='ocrx_word' id='word_1_85' title='bbox 1359 1462 1681 1535; x_wconf 89' lang='lat' dir='ltr'>enuntient.</span> <span class='ocrx_word' id='word_1_86' title='bbox 1762 1462 1915 1515; x_wconf 91' lang='lat' dir='ltr'>Nam</span> 
     </span>
    </p>
   </div>
   <div class='ocr_carea' id='block_1_7' title="bbox 275 1548 1916 2324">
    <p class='ocr_par' dir='ltr' id='par_1_8' title="bbox 275 1548 1916 2324">
     <span class='ocr_line' id='line_1_17' title="bbox 278 1548 1915 1622; baseline -0.001 -18"><span class='ocrx_word' id='word_1_87' title='bbox 278 1550 374 1622; x_wconf 91' lang='lat' dir='ltr'>qui</span> <span class='ocrx_word' id='word_1_88' title='bbox 427 1549 660 1605; x_wconf 90' lang='lat' dir='ltr'>Christo</span> <span class='ocrx_word' id='word_1_89' title='bbox 713 1568 773 1604; x_wconf 89' lang='lat' dir='ltr'>se</span> <span class='ocrx_word' id='word_1_90' title='bbox 826 1551 1226 1621; x_wconf 84' lang='lat' dir='ltr'>adjunxerunt,</span> <span class='ocrx_word' id='word_1_91' title='bbox 1279 1549 1375 1602; x_wconf 92' lang='lat' dir='ltr'>alii</span> <span class='ocrx_word' id='word_1_92' title='bbox 1427 1549 1599 1602; x_wconf 92' lang='lat' dir='ltr'>aliam</span> <span class='ocrx_word' id='word_1_93' title='bbox 1664 1548 1915 1618; x_wconf 90' lang='lat' dir='ltr'>discipli-</span> 
     </span>
     <span class='ocr_line' id='line_1_18' title="bbox 278 1636 1911 1709; baseline -0.001 -17"><span class='ocrx_word' id='word_1_94' title='bbox 278 1655 412 1692; x_wconf 90' lang='lat' dir='ltr'>nam</span> <span class='ocrx_word' id='word_1_95' title='bbox 465 1639 867 1708; x_wconf 86' lang='lat' dir='ltr'>sequebantur,</span> <span class='ocrx_word' id='word_1_96' title='bbox 922 1657 990 1691; x_wconf 86' lang='lat' dir='ltr'>ex</span> <span class='ocrx_word' id='word_1_97' title='bbox 1046 1656 1287 1709; x_wconf 91' lang='lat' dir='ltr'>quorum</span> <span class='ocrx_word' id='word_1_98' title='bbox 1353 1656 1594 1691; x_wconf 92' lang='lat' dir='ltr'>numero</span> <span class='ocrx_word' id='word_1_99' title='bbox 1646 1636 1911 1690; x_wconf 88' lang='lat' dir='ltr'>eruditis-</span> 
     </span>
     <span class='ocr_line' id='line_1_19' title="bbox 279 1724 1915 1795; baseline 0 -17"><span class='ocrx_word' id='word_1_100' title='bbox 279 1724 456 1778; x_wconf 91' lang='lat' dir='ltr'>simus</span> <span class='ocrx_word' id='word_1_101' title='bbox 491 1724 731 1795; x_wconf 91' lang='lat' dir='ltr'>quisque</span> <span class='ocrx_word' id='word_1_102' title='bbox 771 1725 1090 1794; x_wconf 88' lang='lat' dir='ltr'>exponebat</span> <span class='ocrx_word' id='word_1_103' title='bbox 1131 1725 1447 1794; x_wconf 89' lang='lat' dir='ltr'>disciplinae</span> <span class='ocrx_word' id='word_1_104' title='bbox 1488 1743 1606 1780; x_wconf 88' lang='lat' dir='ltr'>suae</span> <span class='ocrx_word' id='word_1_105' title='bbox 1646 1725 1915 1779; x_wconf 90' lang='lat' dir='ltr'>instituta</span> 
     </span>
     <span class='ocr_line' id='line_1_20' title="bbox 278 1810 1913 1882; baseline 0.001 -17"><span class='ocrx_word' id='word_1_106' title='bbox 278 1829 343 1866; x_wconf 92' lang='lat' dir='ltr'>ac</span> <span class='ocrx_word' id='word_1_107' title='bbox 394 1820 683 1882; x_wconf 84' lang='lat' dir='ltr'>praecepta</span> <span class='ocrx_word' id='word_1_108' title='bbox 735 1812 920 1864; x_wconf 78' lang='lat' dir='ltr'>nobis,</span> <span class='ocrx_word' id='word_1_109' title='bbox 1002 1812 1226 1864; x_wconf 90' lang='lat' dir='ltr'>Horum</span> <span class='ocrx_word' id='word_1_110' title='bbox 1280 1811 1471 1865; x_wconf 92' lang='lat' dir='ltr'>studia</span> <span class='ocrx_word' id='word_1_111' title='bbox 1522 1811 1570 1865; x_wconf 91' lang='lat' dir='ltr'>si</span> <span class='ocrx_word' id='word_1_112' title='bbox 1624 1810 1765 1865; x_wconf 91' lang='lat' dir='ltr'>mihi</span> <span class='ocrx_word' id='word_1_113' title='bbox 1818 1811 1913 1866; x_wconf 92' lang='lat' dir='ltr'>de-</span> 
     </span>
     <span class='ocr_line' id='line_1_21' title="bbox 277 1898 1916 1972; baseline 0 -18"><span class='ocrx_word' id='word_1_114' title='bbox 277 1898 538 1965; x_wconf 86' lang='lat' dir='ltr'>fuissent,</span> <span class='ocrx_word' id='word_1_115' title='bbox 586 1899 1031 1970; x_wconf 90' lang='lat' dir='ltr'>haudquaquam</span> <span class='ocrx_word' id='word_1_116' title='bbox 1075 1900 1319 1953; x_wconf 91' lang='lat' dir='ltr'>nefarias</span> <span class='ocrx_word' id='word_1_117' title='bbox 1359 1902 1651 1972; x_wconf 92' lang='lat' dir='ltr'>Japonum</span> <span class='ocrx_word' id='word_1_118' title='bbox 1694 1899 1916 1970; x_wconf 90' lang='lat' dir='ltr'>religio-</span> 
     </span>
     <span class='ocr_line' id='line_1_22' title="bbox 276 1987 1757 2058; baseline -0.001 -16"><span class='ocrx_word' id='word_1_119' title='bbox 276 2003 376 2042; x_wconf 90' lang='lat' dir='ltr'>nes</span> <span class='ocrx_word' id='word_1_120' title='bbox 422 1987 563 2042; x_wconf 90' lang='lat' dir='ltr'>satis</span> <span class='ocrx_word' id='word_1_121' title='bbox 607 2005 887 2056; x_wconf 88' lang='lat' dir='ltr'>cognosse</span> <span class='ocrx_word' id='word_1_122' title='bbox 933 1995 989 2042; x_wconf 91' lang='lat' dir='ltr'>et</span> <span class='ocrx_word' id='word_1_123' title='bbox 1036 2005 1369 2058; x_wconf 91' lang='lat' dir='ltr'>oppugnare</span> <span class='ocrx_word' id='word_1_124' title='bbox 1419 1988 1757 2057; x_wconf 92' lang='lat' dir='ltr'>potuissem.</span> 
     </span>
     <span class='ocr_line' id='line_1_23' title="bbox 347 2073 1913 2146; baseline 0.001 -16"><span class='ocrx_word' id='word_1_125' title='bbox 347 2073 661 2130; x_wconf 87' lang='lat' dir='ltr'>Christiani</span> <span class='ocrx_word' id='word_1_126' title='bbox 726 2074 1059 2130; x_wconf 92' lang='lat' dir='ltr'>incredibile</span> <span class='ocrx_word' id='word_1_127' title='bbox 1113 2082 1199 2131; x_wconf 89' lang='lat' dir='ltr'>est</span> <span class='ocrx_word' id='word_1_128' title='bbox 1253 2093 1427 2146; x_wconf 91' lang='lat' dir='ltr'>quam</span> <span class='ocrx_word' id='word_1_129' title='bbox 1487 2093 1592 2131; x_wconf 90' lang='lat' dir='ltr'>nos</span> <span class='ocrx_word' id='word_1_130' title='bbox 1645 2075 1913 2146; x_wconf 87' lang='lat' dir='ltr'>diligant:</span> 
     </span>
     <span class='ocr_line' id='line_1_24' title="bbox 276 2152 1915 2235; baseline 0.002 -19"><span class='ocrx_word' id='word_1_131' title='bbox 276 2162 511 2217; x_wconf 91' lang='lat' dir='ltr'>domum</span> <span class='ocrx_word' id='word_1_132' title='bbox 566 2164 639 2217; x_wconf 90' lang='lat' dir='ltr'>ad</span> <span class='ocrx_word' id='word_1_133' title='bbox 694 2182 801 2217; x_wconf 90' lang='lat' dir='ltr'>nos</span> <span class='ocrx_word' id='word_1_134' title='bbox 852 2164 1137 2218; x_wconf 88' lang='lat' dir='ltr'>ventitant</span> <span class='ocrx_word' id='word_1_135' title='bbox 1194 2171 1458 2234; x_wconf 88' lang='lat' dir='ltr'>rogatum</span> <span class='ocrx_word' id='word_1_136' title='bbox 1511 2182 1694 2235; x_wconf 91' lang='lat' dir='ltr'>ecqua</span> <span class='ocrx_word' id='word_1_137' title='bbox 1744 2153 1801 2218; x_wconf 93' lang='lat' dir='ltr'>in</span> <span class='ocrx_word' id='word_1_138' title='bbox 1846 2152 1915 2227; x_wconf 34' lang='lat' dir='ltr'>&#39;re</span> 
     </span>
     <span class='ocr_line' id='line_1_25' title="bbox 275 2248 1915 2324; baseline 0.001 -21"><span class='ocrx_word' id='word_1_139' title='bbox 275 2248 528 2320; x_wconf 89' lang='lat' dir='ltr'>ipsorum</span> <span class='ocrx_word' id='word_1_140' title='bbox 571 2270 746 2321; x_wconf 92' lang='lat' dir='ltr'>opera</span> <span class='ocrx_word' id='word_1_141' title='bbox 780 2252 863 2305; x_wconf 92' lang='lat' dir='ltr'>uti</span> <span class='ocrx_word' id='word_1_142' title='bbox 890 2252 1149 2305; x_wconf 80' lang='lat' dir='ltr'>velimuS.</span> <span class='ocrx_word' id='word_1_143' title='bbox 1229 2253 1381 2305; x_wconf 86' lang='lat' dir='ltr'>Sane</span> <span class='ocrx_word' id='word_1_144' title='bbox 1419 2253 1674 2324; x_wconf 92' lang='lat' dir='ltr'>Japones</span> <span class='ocrx_word' id='word_1_145' title='bbox 1713 2269 1915 2306; x_wconf 92' lang='lat' dir='ltr'>omnes</span> 
     </span>
    </p>
   </div>
   <div class='ocr_carea' id='block_1_8' title="bbox 275 2331 1950 2410">
    <p class='ocr_par' dir='ltr' id='par_1_9' title="bbox 275 2331 1950 2410">
     <span class='ocr_line' id='line_1_26' title="bbox 275 2331 1950 2410; baseline 0.001 -19"><span class='ocrx_word' id='word_1_146' title='bbox 275 2345 477 2392; x_wconf 91' lang='lat' dir='ltr'>natura</span> <span class='ocrx_word' id='word_1_147' title='bbox 520 2339 755 2392; x_wconf 89' lang='lat' dir='ltr'>officiosi</span> <span class='ocrx_word' id='word_1_148' title='bbox 797 2339 1090 2404; x_wconf 88' lang='lat' dir='ltr'>videntur;</span> <span class='ocrx_word' id='word_1_149' title='bbox 1139 2339 1439 2393; x_wconf 91' lang='lat' dir='ltr'>christiani</span> <span class='ocrx_word' id='word_1_150' title='bbox 1484 2339 1715 2410; x_wconf 89' lang='lat' dir='ltr'>quidem</span> <span class='ocrx_word' id='word_1_151' title='bbox 1761 2331 1950 2393; x_wconf 52' lang='lat' dir='ltr'>certe&#39;</span> 
     </span>
    </p>
   </div>
   <div class='ocr_carea' id='block_1_9' title="bbox 275 2426 1914 2669">
    <p class='ocr_par' dir='ltr' id='par_1_10' title="bbox 275 2426 1914 2669">
     <span class='ocr_line' id='line_1_27' title="bbox 280 2426 1914 2496; baseline 0.002 -18"><span class='ocrx_word' id='word_1_152' title='bbox 280 2426 435 2494; x_wconf 83' lang='lat' dir='ltr'>(quae</span> <span class='ocrx_word' id='word_1_153' title='bbox 486 2426 740 2495; x_wconf 91' lang='lat' dir='ltr'>ipsorum</span> <span class='ocrx_word' id='word_1_154' title='bbox 792 2426 1119 2496; x_wconf 89' lang='lat' dir='ltr'>benignitas</span> <span class='ocrx_word' id='word_1_155' title='bbox 1171 2430 1292 2492; x_wconf 92' lang='lat' dir='ltr'>est)</span> <span class='ocrx_word' id='word_1_156' title='bbox 1350 2426 1801 2482; x_wconf 90' lang='lat' dir='ltr'>humanissimos</span> <span class='ocrx_word' id='word_1_157' title='bbox 1853 2446 1914 2482; x_wconf 90' lang='lat' dir='ltr'>se</span> 
     </span>
     <span class='ocr_line' id='line_1_28' title="bbox 275 2511 1356 2582; baseline 0.004 -18"><span class='ocrx_word' id='word_1_158' title='bbox 275 2511 438 2565; x_wconf 92' lang='lat' dir='ltr'>nobis</span> <span class='ocrx_word' id='word_1_159' title='bbox 484 2519 539 2566; x_wconf 91' lang='lat' dir='ltr'>et</span> <span class='ocrx_word' id='word_1_160' title='bbox 587 2512 1034 2568; x_wconf 90' lang='lat' dir='ltr'>officiosissimos</span> <span class='ocrx_word' id='word_1_161' title='bbox 1079 2514 1356 2582; x_wconf 82' lang='lat' dir='ltr'>praebent.</span> 
     </span>
     <span class='ocr_line' id='line_1_29' title="bbox 347 2591 1911 2669; baseline 0.004 -20"><span class='ocrx_word' id='word_1_162' title='bbox 347 2598 505 2651; x_wconf 91' lang='lat' dir='ltr'>Deus</span> <span class='ocrx_word' id='word_1_163' title='bbox 547 2607 603 2652; x_wconf 88' lang='lat' dir='ltr'>et</span> <span class='ocrx_word' id='word_1_164' title='bbox 648 2599 755 2653; x_wconf 92' lang='lat' dir='ltr'>illis</span> <span class='ocrx_word' id='word_1_165' title='bbox 797 2619 901 2668; x_wconf 92' lang='lat' dir='ltr'>pro</span> <span class='ocrx_word' id='word_1_166' title='bbox 944 2619 1046 2653; x_wconf 92' lang='lat' dir='ltr'>sua</span> <span class='ocrx_word' id='word_1_167' title='bbox 1090 2599 1479 2654; x_wconf 90' lang='lat' dir='ltr'>misericordia</span> <span class='ocrx_word' id='word_1_168' title='bbox 1538 2598 1745 2655; x_wconf 90' lang='lat' dir='ltr'>referat</span> <span class='ocrx_word' id='word_1_169' title='bbox 1787 2591 1911 2669; x_wconf 89' lang='lat' dir='ltr'>gra-</span> 
     </span>
    </p>
   </div>
   <div class='ocr_carea' id='block_1_10' title="bbox 273 2681 2005 2764">
    <p class='ocr_par' dir='ltr' id='par_1_11' title="bbox 273 2681 2005 2764">
     <span class='ocr_line' id='line_1_30' title="bbox 273 2681 2005 2764; baseline 0.004 -29"><span class='ocrx_word' id='word_1_170' title='bbox 273 2681 431 2749; x_wconf 90' lang='lat' dir='ltr'>tiam,</span> <span class='ocrx_word' id='word_1_171' title='bbox 478 2693 535 2739; x_wconf 92' lang='lat' dir='ltr'>et</span> <span class='ocrx_word' id='word_1_172' title='bbox 581 2686 746 2739; x_wconf 93' lang='lat' dir='ltr'>nobis</span> <span class='ocrx_word' id='word_1_173' title='bbox 790 2687 1003 2756; x_wconf 90' lang='lat' dir='ltr'>pariter</span> <span class='ocrx_word' id='word_1_174' title='bbox 1047 2687 1338 2741; x_wconf 89' lang='lat' dir='ltr'>coelestem</span> <span class='ocrx_word' id='word_1_175' title='bbox 1394 2686 1685 2756; x_wconf 90' lang='lat' dir='ltr'>impertiat</span> <span class='ocrx_word' id='word_1_176' title='bbox 1739 2686 1911 2764; x_wconf 86' lang='lat' dir='ltr'>felici·</span> <span class='ocrx_word' id='word_1_177' title='bbox 2002 2761 2005 2764; x_wconf 21' lang='lat'><em>¹</em></span> 
     </span>
    </p>
   </div>
   <div class='ocr_carea' id='block_1_11' title="bbox 273 2776 1093 2932">
    <p class='ocr_par' dir='ltr' id='par_1_12' title="bbox 273 2776 1093 2932">
     <span class='ocr_line' id='line_1_31' title="bbox 273 2776 1093 2837; baseline 0.021 -17"><span class='ocrx_word' id='word_1_178' title='bbox 273 2776 470 2823; x_wconf 90' lang='lat' dir='ltr'>tatem.</span> <span class='ocrx_word' id='word_1_179' title='bbox 1090 2834 1093 2837; x_wconf 86' lang='lat'>.</span> 
     </span>
     <span class='ocr_line' id='line_1_32' title="bbox 344 2858 1087 2932; baseline 0.008 -23"><span class='ocrx_word' id='word_1_180' title='bbox 344 2858 452 2911; x_wconf 90' lang='lat' dir='ltr'>An.</span> <span class='ocrx_word' id='word_1_181' title='bbox 485 2860 682 2913; x_wconf 90' lang='lat' dir='ltr'><strong>MDL.</strong></span> <span class='ocrx_word' id='word_1_182' title='bbox 712 2862 1087 2932; x_wconf 90' lang='lat' dir='ltr'>Amangucio.</span> 
     </span>
    </p>
   </div>
   <div class='ocr_carea' id='block_1_12' title="bbox 721 3090 1471 3130">
    <p class='ocr_par' dir='ltr' id='par_1_13' title="bbox 721 3090 1471 3130">
     <span class='ocr_line' id='line_1_33' title="bbox 721 3090 1471 3130; baseline -0.004 -1"><span class='ocrx_word' id='word_1_183' title='bbox 721 3090 1471 3130; x_wconf 52' lang='lat' dir='ltr'>W--</span> 
     </span>
    </p>
   </div>
   <div class='ocr_carea' id='block_1_13' title="bbox 69 329 2639 602">
    <p class='ocr_par' dir='ltr' id='par_1_14' title="bbox 69 329 2639 602">
     <span class='ocr_line' id='line_1_34' title="bbox 69 329 2639 602; baseline 0 -144"><span class='ocrx_word' id='word_1_184' title='bbox 69 338 2639 458; x_wconf 95' lang='lat' dir='ltr'>  </span> <span class='ocrx_word' id='word_1_185' title='bbox 1921 329 2639 602; x_wconf 95' lang='lat' dir='ltr'>   </span> 
     </span>
    </p>
   </div>
   <div class='ocr_carea' id='block_1_14' title="bbox 0 2805 2639 3798">
    <p class='ocr_par' dir='ltr' id='par_1_15' title="bbox 0 2805 2639 3798">
     <span class='ocr_line' id='line_1_35' title="bbox 39 2805 2639 3070; baseline 0 -89"><span class='ocrx_word' id='word_1_186' title='bbox 39 2805 2639 3070; x_wconf 95' lang='lat' dir='ltr'>    </span> 
     </span>
     <span class='ocr_line' id='line_1_36' title="bbox 0 3070 2639 3798; baseline 0 -648"><span class='ocrx_word' id='word_1_187' title='bbox 0 3070 2639 3798; x_wconf 95' lang='lat' dir='ltr'>   </span> 
     </span>
    </p>
   </div>
   <div class='ocr_carea' id='block_1_15' title="bbox 72 338 2639 442">
    <p class='ocr_par' dir='ltr' id='par_1_16' title="bbox 72 338 2639 442">
     <span class='ocr_line' id='line_1_37' title="bbox 72 338 2639 442; baseline 0 -16"><span class='ocrx_word' id='word_1_188' title='bbox 72 426 1817 442; x_wconf 95' lang='lat' dir='ltr'> </span> <span class='ocrx_word' id='word_1_189' title='bbox 2486 338 2639 426; x_wconf 95' lang='lat' dir='ltr'> </span> 
     </span>
    </p>
   </div>
   <div class='ocr_carea' id='block_1_16' title="bbox 2475 604 2639 2805">
    <p class='ocr_par' dir='ltr' id='par_1_17' title="bbox 2475 604 2639 2805">
     <span class='ocr_line' id='line_1_38' title="bbox 2556 604 2639 867; baseline 0 -86"><span class='ocrx_word' id='word_1_190' title='bbox 2556 604 2639 867; x_wconf 95' lang='lat' dir='ltr'>   </span> 
     </span>
     <span class='ocr_line' id='line_1_39' title="bbox 2556 867 2639 955; baseline 0 2843"><span class='ocrx_word' id='word_1_191' title='bbox 2556 867 2639 955; x_wconf 95' lang='lat' dir='ltr'> </span> 
     </span>
     <span class='ocr_line' id='line_1_40' title="bbox 2556 955 2639 1043; baseline 0 2755"><span class='ocrx_word' id='word_1_192' title='bbox 2556 955 2639 1043; x_wconf 95' lang='lat' dir='ltr'> </span> 
     </span>
     <span class='ocr_line' id='line_1_41' title="bbox 2556 1043 2639 1130; baseline 0 2668"><span class='ocrx_word' id='word_1_193' title='bbox 2556 1043 2639 1130; x_wconf 95' lang='lat' dir='ltr'> </span> 
     </span>
     <span class='ocr_line' id='line_1_42' title="bbox 2556 1130 2639 1225; baseline 0 2573"><span class='ocrx_word' id='word_1_194' title='bbox 2556 1130 2639 1225; x_wconf 95' lang='lat' dir='ltr'> </span> 
     </span>
     <span class='ocr_line' id='line_1_43' title="bbox 2556 1225 2639 1318; baseline 0 2480"><span class='ocrx_word' id='word_1_195' title='bbox 2556 1225 2639 1318; x_wconf 95' lang='lat' dir='ltr'> </span> 
     </span>
     <span class='ocr_line' id='line_1_44' title="bbox 2556 1318 2639 1397; baseline 0 2401"><span class='ocrx_word' id='word_1_196' title='bbox 2556 1318 2639 1397; x_wconf 95' lang='lat' dir='ltr'> </span> 
     </span>
     <span class='ocr_line' id='line_1_45' title="bbox 2556 1397 2639 1480; baseline 0 2318"><span class='ocrx_word' id='word_1_197' title='bbox 2556 1397 2639 1480; x_wconf 95' lang='lat' dir='ltr'> </span> 
     </span>
     <span class='ocr_line' id='line_1_46' title="bbox 2556 1480 2639 1571; baseline 0 2227"><span class='ocrx_word' id='word_1_198' title='bbox 2556 1480 2639 1571; x_wconf 95' lang='lat' dir='ltr'> </span> 
     </span>
     <span class='ocr_line' id='line_1_47' title="bbox 2556 1571 2639 1659; baseline 0 2139"><span class='ocrx_word' id='word_1_199' title='bbox 2556 1571 2639 1659; x_wconf 95' lang='lat' dir='ltr'> </span> 
     </span>
     <span class='ocr_line' id='line_1_48' title="bbox 2556 1659 2639 1745; baseline 0 2053"><span class='ocrx_word' id='word_1_200' title='bbox 2556 1659 2639 1745; x_wconf 95' lang='lat' dir='ltr'> </span> 
     </span>
     <span class='ocr_line' id='line_1_49' title="bbox 2556 1745 2639 1830; baseline 0 1968"><span class='ocrx_word' id='word_1_201' title='bbox 2556 1745 2639 1830; x_wconf 95' lang='lat' dir='ltr'> </span> 
     </span>
     <span class='ocr_line' id='line_1_50' title="bbox 2556 1830 2639 1917; baseline 0 1881"><span class='ocrx_word' id='word_1_202' title='bbox 2556 1830 2639 1917; x_wconf 95' lang='lat' dir='ltr'> </span> 
     </span>
     <span class='ocr_line' id='line_1_51' title="bbox 2556 1917 2639 2009; baseline 0 1789"><span class='ocrx_word' id='word_1_203' title='bbox 2556 1917 2639 2009; x_wconf 95' lang='lat' dir='ltr'> </span> 
     </span>
     <span class='ocr_line' id='line_1_52' title="bbox 2475 2009 2639 2357; baseline 0 0"><span class='ocrx_word' id='word_1_204' title='bbox 2475 2009 2639 2357; x_wconf 95' lang='lat' dir='ltr'>    </span> 
     </span>
     <span class='ocr_line' id='line_1_53' title="bbox 2475 2357 2639 2617; baseline 0 -86"><span class='ocrx_word' id='word_1_205' title='bbox 2475 2357 2639 2617; x_wconf 95' lang='lat' dir='ltr'>   </span> 
     </span>
     <span class='ocr_line' id='line_1_54' title="bbox 2475 2617 2639 2805; baseline 0 -97"><span class='ocrx_word' id='word_1_206' title='bbox 2475 2617 2639 2805; x_wconf 95' lang='lat' dir='ltr'>  </span> 
     </span>
    </p>
   </div>
  </div>
 </body>
</html>
