2712 3754
741 324 809 391 36
1138 340 1320 379 menn
1357 340 1839 380 VL——EPISTOLA
1878 341 1954 380 1v.

739 472 1032 535 institutiS,
1086 473 1156 527 de
1218 475 1499 529 erroribus
1550 475 1606 528 in
1658 475 1862 543 quibus
1917 482 2228 536 versantur,
2282 474 2351 528 de

742 555 1057 612 litterarum
1110 561 1494 614 monumentis
1545 561 1748 631 quibus
1808 569 2058 622 utuntur,
2137 559 2206 613 de
2272 559 2351 612 di-

736 646 986 719 sciplinis
1030 656 1201 719 atque
1245 650 1740 704 exercitationibus
1785 667 1910 719 quae
1948 650 2006 701 in
2045 647 2352 721 gymnasiis

737 731 947 802 vigent,
1001 735 1073 788 ad
1123 752 1223 790 vos
1275 752 1444 805 quam
1496 735 1920 792 accuratissime
1973 735 2235 789 scribam.

811 818 1047 875 Interim
1123 820 1257 876 illud
1334 842 1424 877 me
1492 821 1654 877 valde
1724 821 1986 887 delectat,
2065 821 2217 892 quod
2287 841 2353 876 ex

738 906 913 960 Paulo
977 909 1037 961 S.
1101 909 1258 962 Fidei
1320 918 1516 964 nostro
1571 910 1780 964 comite
1837 909 2058 979 accepi,
2117 909 2174 962 in
2231 908 2354 978 ejus

737 992 920 1059 patria
972 994 1295 1048 coenobium
1342 1014 1464 1049 esse
1511 1014 1646 1049 sane
1692 995 1954 1065 frequens
1999 995 2350 1057 bonziorum,

738 1077 833 1148 qui
901 1079 1069 1133 certis
1136 1081 1600 1135 meditationibus
1668 1090 2052 1135 exerceantur.
2131 1081 2353 1152 Quippe

735 1166 979 1219 coenobii
1044 1185 1253 1237 praeses
1326 1169 1403 1233 (is
1471 1169 1731 1223 doctrina
1799 1169 2019 1223 caeteris
2085 1172 2346 1238 praestat)

736 1253 1065 1307 domesticis
1117 1255 1379 1308 omnibus
1431 1272 1606 1309 unum
1659 1255 1716 1307 in
1768 1255 1953 1308 locum
2007 1253 2352 1318 convocatiS‚

734 1339 805 1392 ad
876 1357 974 1392 eos
1044 1341 1203 1409 quasi
1274 1341 1605 1395 concionem
1673 1341 1870 1403 habet;
1942 1350 2064 1395 tum
2135 1349 2347 1395 certam

735 1423 936 1494 cuique
987 1444 1088 1495 per
1138 1426 1337 1480 horam
1389 1427 1815 1482 commentandi
1874 1427 2170 1482 materiam
2227 1445 2351 1497 pro-

681 1557 685 1560 .
732 1510 912 1580 ponit.
992 1513 1252 1583 Exempli
1306 1531 1502 1569 causa:
1569 1532 1696 1569 cum
1755 1521 2007 1568 extremo
2061 1514 2181 1584 jam
2246 1514 2353 1585 spi-

740 1597 850 1653 ritu
908 1617 1061 1653 mors
1116 1618 1313 1655 vocem
1366 1601 1706 1665 intercludit,
1760 1601 1806 1655 si
1857 1609 1980 1656 tum
2033 1601 2238 1655 animae
2289 1619 2356 1655 ex

743 1702 978 1755 corpore
1030 1686 1346 1741 discedenti
1397 1687 1664 1758 loquendi
1715 1687 1952 1742 facultas
2002 1689 2184 1752 detur,
2236 1688 2354 1758 qui·

741 1772 846 1824 bus
895 1773 1128 1825 tandem
1184 1775 1365 1826 verbis
1416 1776 1472 1826 in
1525 1775 1619 1827 illo
1671 1775 1922 1845 digressu
1975 1794 2179 1845 corpus
2223 1774 2354 1826 allo-

738 1867 944 1928 quatur
1007 1864 1208 1916 suum?
1279 1864 1537 1931 Itemque
1602 1863 1647 1916 si
1712 1863 1838 1932 quis
1894 1863 2098 1917 existat
2150 1863 2222 1916 ab
2273 1863 2354 1917 in-

737 1943 867 1999 feris
925 1954 1221 2001 revocatus
1279 1947 1335 2000 in
1386 1947 1520 2012 vita,
1580 1948 1852 2019 quidnam
1909 1947 2111 2003 ceteris
2168 1947 2353 2002 videa-

737 2040 828 2085 tur
903 2053 1025 2087 esse
1101 2035 1388 2089 dicturus?
1469 2038 1687 2090 Exacto
1764 2036 1966 2089 deinde
2044 2035 2354 2090 meditandi

739 2121 940 2189 spatio,
1004 2123 1282 2173 rationem
1348 2123 1733 2176 meditationis
1790 2123 2032 2191 reposcit
2083 2141 2116 2175 a
2169 2123 2352 2192 singu-

738 2204 832 2268 lis;
899 2223 1065 2274 quem
1131 2207 1264 2261 boni
1328 2207 1619 2277 quippiam
1689 2207 1936 2276 proferre
2004 2207 2176 2272 videt,
2243 2207 2352 2262 col-

737 2288 948 2354 laudat,
1010 2311 1176 2361 quem
1228 2311 1409 2356 secuS,
1462 2293 1740 2363 objurgat.
1819 2294 2068 2346 Eosdem
2120 2292 2355 2347 bonzios

736 2380 814 2433 ait
865 2381 1289 2450 quintodecimo
1340 2399 1562 2453 quoque
1614 2383 1703 2435 die
1756 2399 2076 2436 sermonem
2133 2384 2205 2436 ad
2256 2400 2352 2453 po-

738 2465 933 2533 pulum
990 2466 1214 2530 habere,
1274 2468 1551 2537 frequenti
1612 2486 1748 2522 sane
1804 2486 1870 2522 ac
1922 2470 2170 2523 secunda
2221 2486 2352 2524 con-

737 2551 916 2604 cione.
984 2555 1247 2624 Namque
1299 2554 1445 2607 inter
1487 2555 1792 2607 dicendum
1838 2555 2224 2609 atrocissimos
2269 2555 2350 2608 in-

736 2639 981 2694 ferorum
1034 2642 1315 2697 cruciatus
1365 2642 1423 2694 in
1475 2643 1668 2696 tabula
1729 2643 1985 2711 depictos
2045 2650 2350 2706 ostentare,

736 2726 1128 2796 horrendaque
1179 2727 1271 2780 illa
1324 2729 1509 2796 specie
1561 2727 1753 2781 fanum
1807 2747 1936 2782 cum
1988 2728 2180 2798 populi
2233 2729 2351 2782 uni-

737 2813 900 2877 versi,
964 2822 1087 2867 tum
1151 2832 1283 2867 vero
1348 2814 1643 2868 mulierum
1705 2815 1974 2884 plangore
2025 2834 2091 2868 ac
2141 2814 2352 2868 lamen-

734 2900 954 2955 tatione
1007 2900 1294 2972 compleri.

812 2988 974 3051 Haec,
1032 2993 1093 3043 ut
1150 2987 1282 3051 dixi,
1339 2987 1545 3043 Paulus
1602 2987 1739 3043 mihi
1792 2988 2066 3050 narravit;
2122 2987 2216 3057 qui
2267 2998 2351 3042 ro-

734 3082 901 3144 gatus
973 3094 1210 3147 ecquam
1284 3095 1350 3128 ex
1418 3075 1786 3130 concionibus
1848 3075 1954 3129 illis
2010 3074 2351 3129 sententiam
