2639 3798
791 404 977 443 LIBER
1015 403 1143 441 VIII.
1168 417 1240 424 -
1261 402 1556 441 EPISTOLA
1597 403 1658 440 ΙΙ.
1940 405 2041 460 199

401 543 607 598 nomine
634 540 832 602 Patris,
864 538 1070 590 deinde
1098 538 1170 589 ad
1207 544 1408 605 pectus
1449 537 1715 601 demissa,
1758 539 2030 590 addatur:

402 630 479 682 Et
524 626 680 688 Filii,
723 631 1015 692 postremo
1063 640 1095 674 a
1130 623 1329 675 dextro
1369 622 1608 675 humero
1636 624 1708 676 ad
1738 624 2030 677 sinistrum

402 715 681 776 traducta,
736 710 1069 779 adjiciatur:
1125 711 1202 762 Et
1242 710 1473 780 Spiritus
1512 710 1697 764 sancti.
1777 712 2033 780 Quarum

403 819 587 855 rerum
666 795 1064 866 ekplanatione
1132 798 1365 850 mirifice
1432 797 1806 850 delectantur.
1914 799 2029 853 Ubi

401 890 566 959 Kyrie
605 888 806 950 eleison,
851 886 1057 939 Christe
1096 886 1297 950 eleison,
1354 886 1541 939 dicere
1593 886 1882 956 jubentur,
1932 887 2031 941 ho-

402 996 524 1031 rum
588 975 889 1028 verborum
956 974 1430 1042 significationem
1496 974 1816 1043 exquirunt.
1912 976 2029 1028 Sub

403 1065 551 1127 haec,
607 1063 675 1113 B.
739 1060 989 1129 Virginis
1051 1061 1264 1114 rosaria
1325 1061 1406 1114 ita
1459 1061 1783 1124 decurrunt,
1845 1069 1905 1115 ut
1957 1062 2030 1115 ad

403 1150 682 1204 orbiculos
732 1149 979 1200 minores
1028 1148 1384 1201 Salutatione
1431 1149 1704 1217 Angelica
1772 1150 2028 1212 recitata,

401 1239 536 1308 Jesu
564 1244 619 1288 et
651 1234 846 1287 Mariae
884 1253 1093 1288 nornen
1122 1235 1435 1288 identidem
1477 1235 1799 1303 implorent.
1882 1237 2030 1288 Has-

404 1341 466 1375 ce
519 1328 710 1374 autem
752 1338 817 1373 ac
858 1320 1102 1390 reliquas
1142 1321 1519 1390 precationeS,
1577 1321 1828 1390 itemque
1868 1322 2030 1391 Sym-

403 1408 593 1462 bolum
640 1407 914 1476 paulatim
963 1408 1222 1460 ediscunt
1269 1426 1336 1460 ex
1384 1408 1613 1476 scripto.
1868 1464 1870 1466 ,

478 1496 671 1550 Unum
725 1502 810 1547 est
864 1495 1017 1563 quod
1075 1496 1364 1565 Japonum
1427 1495 1651 1548 animos
1712 1495 1915 1564 pungit
1969 1503 2024 1549 et

403 1582 612 1635 cruciat
685 1581 1071 1644 vehementer,
1147 1582 1299 1650 quod
1364 1580 1672 1634 inferorum
1738 1600 2024 1636 carcerem

403 1670 649 1738 'undique
696 1669 951 1722 clausum
998 1671 1070 1722 ad
1116 1670 1298 1722 exitus
1344 1688 1467 1722 esse
1511 1688 1544 1721 a
1587 1669 1752 1722 nobis
1795 1689 2026 1738 accepe-

407 1766 552 1821 runt,
606 1756 758 1810 nulla
812 1765 871 1810 ut
925 1775 1031 1825 ope
1084 1757 1386 1826 quisquam
1450 1756 1580 1809 inde
1643 1756 1782 1826 eripi
1838 1765 2028 1826 queat.

409 1845 614 1898 Dolent
642 1844 904 1898 videlicet
933 1843 1235 1898 liberorum
1273 1844 1674 1909 extinctorum,
1705 1852 2025 1913 parentum,

404 1932 869 2000 propinquorum,
938 1932 1332 1999 majorumque
1410 1950 1640 1983 suorum
1705 1931 1911 1994 vicem,
1978 1940 2034 1985 et

404 2018 655 2070 dolorem
708 2018 971 2087 lacrymis
1024 2017 1315 2069 declarant
1367 2036 1552 2069 suum.
1652 2019 1855 2086 Itaque
1909 2036 2033 2086 per-

402 2112 707 2157 contantur
758 2123 790 2156 a
845 2105 1007 2156 nobis
1070 2122 1249 2171 ecqua
1304 2122 1432 2171 spes
1495 2104 1585 2166 sit,
1641 2122 1822 2172 ecqua
1888 2105 2033 2157 ratio

403 2198 673 2243 aeternam
717 2191 787 2243 ab
832 2189 937 2242 illis
986 2189 1272 2242 miseriam
1320 2189 1680 2257 deprecandi.
1763 2190 1872 2243 His
1927 2208 2032 2258 ego

402 2277 614 2329 scilicet
661 2278 740 2329 ita
786 2278 1123 2344 respondeo,
1173 2285 1233 2328 ut
1281 2296 1484 2344 negem
1532 2277 1789 2328 omnino.

476 2364 618 2413 Haec
663 2381 761 2413 eos
807 2380 940 2413 cura
988 2362 1311 2412 mirandum
1359 2363 1416 2411 in
1461 2364 1696 2412 modum
1743 2363 1901 2430 angit
1948 2371 2030 2413 at-

402 2465 509 2516 que
571 2449 856 2512 sollicitat,
922 2449 1001 2500 sic
1052 2465 1299 2516 prorsuS,
1357 2456 1416 2500 ut
1470 2448 1663 2500 dolore
1705 2444 1891 2517 vprope
1946 2458 2029 2500 ta-

399 2534 653 2588 bescant.
734 2537 946 2588 Verum
976 2535 1034 2587 in
1062 2552 1129 2587 eo
1160 2534 1309 2586 malo
1349 2533 1459 2587 hoc
1497 2534 1645 2587 inest
1686 2535 1839 2597 boni,
1879 2535 2032 2603 quod

400 2637 529 2687 spes
570 2630 655 2674 est
689 2620 807 2674 fore
837 2629 896 2674 ut
925 2620 1034 2674 hoc
1077 2620 1257 2688 magis
1285 2620 1355 2673 de
1384 2638 1485 2672 sua
1526 2620 1708 2673 salute
1748 2620 2028 2683 laborent,

400 2724 471 2759 ne
507 2708 644 2760 item
674 2709 755 2761 uti
784 2709 1035 2776 ipsorum
1067 2708 1312 2775 majores
1353 2706 1644 2775 suppliciis
1685 2706 2034 2760 damnentur

401 2794 647 2847 aeternis,
730 2795 1006 2864 Rogitant
1049 2793 1242 2856 etiam,
1291 2811 1426 2845 num
1471 2811 1568 2845 eos
1616 2794 1772 2845 Deus
1819 2792 2035 2861 eripere

398 2881 579 2948 possit
642 2883 713 2934 ab
767 2882 977 2945 inferiS,
1033 2900 1132 2934 cur
1192 2882 1427 2934 tandem
1482 2899 1680 2933 eorum
1749 2880 2037 2932 cruciatus

399 2967 613 3021 nullum
670 2970 741 3022 sit
794 2970 966 3022 finem
1020 2969 1335 3021 habiturus,
1430 2969 1517 3020 Ad
1577 2967 1701 3021 haec
1754 2967 1894 3020 satis
1949 2975 2034 3020 est

399 3070 737 3122 responsum
767 3075 800 3108 a
841 3056 1024 3108 nobiS.
1103 3057 1516 3108 Verumtamen
1557 3054 1634 3107 illi
1673 3072 1904 3107 suorum
1945 3071 2034 3107 ca-

395 3140 713 3198 lamitatem
786 3144 1080 3216 deplorare
1153 3161 1268 3199 non
1347 3143 1704 3208 desinebant,
1777 3150 1837 3197 ut
1928 3159 2034 3211 ego
