2712 3754
817 327 882 375 26
1212 338 1391 374 LIBER
1432 339 1509 376 vi.
1534 337 1919 376 -EPISTOLA
1960 338 2044 375 111.

816 479 955 541 (scis
1023 486 1211 529 autem
1282 478 1453 528 talem
1523 478 1577 528 in
1640 477 1836 544 primis
1898 494 2020 527 esse
2078 475 2436 542 praefractam

813 564 1228 616 recusationem
1297 564 1685 627 obedientiae,)
1757 563 1904 626 huic,
1968 564 2131 631 juxta
2195 581 2260 615 ea
2312 581 2437 631 quae

813 650 916 703 tibi
994 667 1144 702 anno
1217 648 1489 716 superiori
1561 648 1977 701 communicavi
2046 667 2079 699 a
2151 666 2241 700 me
2310 668 2437 701 cum

815 736 1050 787 domino
1116 736 1383 804 episcopo
1449 735 1779 798 constituta,
1847 734 2153 803 imperabis
2216 735 2273 785 in
2334 736 2439 787 vir-

814 831 935 875 tute
999 830 1210 874 sanctae
1270 821 1608 873 obedientiae
1668 822 1769 872 sub
1829 838 2001 890 poena
2057 823 2439 874 excommuni-

813 908 1073 971 cationiS,
1142 913 1201 961 ut
1267 924 1325 961 se
1391 906 1812 974 quamprimum
1878 906 2041 961 sistat
2101 905 2335 961 domino
2388 926 2438 961 6-

815 993 1067 1064 piscop0,
1152 992 1273 1062 ejus
1356 992 1624 1062 deinceps
1706 991 1938 1045 arbitrio
2022 991 2439 1062 gubernandus,

811 1082 1082 1151 quoniam
1130 1081 1285 1133 illum
1332 1083 1401 1133 de
1447 1090 1654 1134 caetero
1702 1082 1958 1134 Societas
2005 1099 2118 1135 non
2166 1092 2436 1150 agnoscet

813 1185 995 1220 suum.
1077 1169 1207 1220 Hoc
1261 1167 1340 1220 sic
1393 1185 1425 1220 a
1471 1185 1562 1220 me
1614 1167 1903 1220 decretum
1957 1166 2060 1220 tibi
2121 1167 2437 1236 injunctum

814 1273 937 1307 6556
981 1254 1129 1307 clare
1171 1255 1435 1323 profitere
1479 1254 1713 1322 singulis
1757 1261 2078 1306 nostrorum
2128 1272 2270 1324 quos
2315 1255 2441 1309 istic

813 1341 1007 1404 habeS,
1078 1347 1138 1394 ut
1207 1340 1444 1408 quisque
1512 1339 1788 1407 intelligat
1857 1356 1968 1407 quo
2030 1356 2132 1392 suo
2192 1339 2441 1407 periculo

814 1433 1150 1493 peccaturus
1212 1424 1311 1486 sit;
1374 1443 1477 1476 nec
1532 1423 1674 1476 ullus
1727 1423 1832 1475 sibi
1885 1423 2226 1487 blandiatur,
2281 1427 2440 1493 quasi

814 1522 1122 1582 utcumque
1199 1511 1451 1564 remittat
1531 1510 1781 1563 studium
1861 1511 2242 1579 adipiscendae
2319 1530 2438 1581 per-

818 1599 1096 1663 fectioniS,
1162 1606 1216 1653 et
1279 1599 1335 1651 in
1395 1597 1845 1666 obtemperando
1897 1598 2094 1651 tardus
2147 1614 2213 1650 ac
2265 1598 2441 1666 pervi-

817 1707 920 1740 cax
972 1685 1062 1749 sit,
1117 1684 1292 1738 nihilo
1346 1704 1405 1737 se
1456 1692 1650 1738 tamen
1709 1683 1895 1736 minus
1953 1691 2439 1751 perseveraturum

818 1775 874 1825 in
929 1774 1215 1825 Societate
1269 1781 1485 1824 certum
1539 1772 1764 1823 habeat.

889 1861 1046 1911 Deus
1116 1876 1219 1910 nos
1289 1859 1345 1909 in
1418 1876 1520 1910 sua
1590 1865 1788 1910 sancta
1857 1858 2035 1925 gloria
2109 1858 2437 1925 conjungat,

818 1962 949 1996 nam
1012 1944 1067 1995 in
1130 1942 1236 1995 hac
1299 1943 1527 2011 quidem
1589 1943 1706 1996 vita
1766 1951 1884 1995 tam
1939 1943 2144 1995 diversi
2195 1945 2435 2012 peregri-

816 2050 1034 2093 namur,
1099 2039 1159 2083 ut
1222 2049 1555 2083 occursuros
1613 2031 1918 2100 aliquando
1982 2030 2223 2083 invicem
2293 2032 2442 2085 haud

817 2118 1196 2172 verisimiliter
1248 2126 1538 2186 appareat.
1593 2110 1751 2171 Vale.

893 2292 1115 2344 Malaca
1168 2294 1304 2344 XII.
1363 2292 1484 2344 Kal.
1538 2292 1716 2362 Julias
1772 2294 1937 2344 Anno
2000 2294 2337 2346 MDXLIX.

892 2465 1063 2517 Venit
1138 2465 1194 2516 in
1280 2474 1530 2517 mentem
1595 2467 1772 2517 vereri
1845 2468 2252 2537 occupationes
2322 2469 2446 2520 istic

816 2554 1100 2620 reputanti
1164 2562 1310 2615 tuaS,
1379 2562 1438 2604 ut
1504 2554 1606 2604 tibi
1672 2555 1810 2606 satis
1874 2563 2055 2618 vacet,
2124 2573 2265 2623 quas
2334 2556 2446 2608 dixi

819 2638 972 2690 Patri
1038 2638 1308 2705 magistro
1374 2638 1597 2705 Ignatio
1661 2647 1716 2691 et
1781 2641 2055 2708 magistro
2111 2641 2330 2693 Simoni
2384 2659 2447 2692 ac
2663 2655 2712 2688 se

818 2724 999 2775 Sociis
1053 2724 1328 2775 universis
1381 2742 1481 2791 per
1536 2725 1777 2787 Indiam,
1827 2726 2165 2794 proprieque
2212 2727 2281 2778 de
2329 2743 2446 2778 ves·
2665 2741 2712 2774 rr

812 2810 914 2862 tris
968 2810 1404 2863 necessitatibus
1459 2811 1664 2873 Goam,
1719 2810 1936 2863 litteras
1990 2812 2259 2873 scribere;
2315 2830 2446 2881 qua·
2669 2827 2712 2860 n«

815 2916 872 2948 re
940 2898 1091 2965 quod
1164 2917 1315 2948 nunc
1384 2897 1627 2949 occurrit
1696 2899 1816 2966 ejus
1880 2918 2065 2967 operae
2128 2900 2231 2952 tibi
2298 2919 2446 2953 com·
2672 2896 2712 2963 ej

815 2984 1088 3051 pendium
1177 3001 1433 3051 suggero.
1541 2984 1814 3047 Habebis,
1905 2994 1964 3039 ut
2050 2986 2269 3040 dictum·
2345 2994 2446 3047 est,
2674 3000 2712 3034 C<

309 3064 336 3078 ν
814 3070 1065 3123 Ternate
1138 3069 1434 3123 Alfonsum
1510 3080 1787 3124 nostrum.
1883 3073 1951 3125 Ei
2026 3093 2230 3128 censeo
2302 3073 2446 3129 mitti
2680 3087 2710 3136 q

1274 3210 1362 3250 fv
