2649 3754
645 316 748 358 120
1023 315 1211 354 LIBER
1246 314 1351 353 vn.
1372 314 1760 365 -EPISTOLA
1798 314 1877 362 IV.

637 448 1045 514 assentiuntur,
1096 457 1152 503 et
1192 449 1559 534 acquiescunt
1599 450 1645 504 si
1685 448 1905 520 peccati
1945 418 2264 541 cujuspiam

636 536 858 590 ratione
903 537 1181 606 probabili
1230 530 1666 591 convincuntur.

712 625 894 677 Multo
948 625 1137 677 minus
1189 625 1444 693 impuros
1497 634 1552 678 et
1604 633 1774 679 rectae
1826 624 2032 679 rationi
2086 623 2267 693 magis

637 712 1100 780 obtemperantes
1127 711 1302 764 laicos
1330 730 1500 781 quam
1531 713 1856 766 sacerdotes
1888 711 2132 775 inveni0,
2170 710 2267 780 qui

638 798 892 867 ipsorum
920 799 1113 867 lingua
1142 799 1315 851 bonzii
1352 804 1378 864 (
1392 800 1554 863 boza)
1597 800 1970 868 appellantur.
2051 798 2099 849 Ii
2135 814 2265 850 cum

637 884 867 954 reliquis
913 885 1142 954 flagitiis
1184 893 1306 939 tum
1352 894 1715 959 praeposterae
1761 885 1980 938 libidini
2025 884 2268 953 turpiter

637 973 782 1023 adeo
825 972 1001 1023 dediti
1046 980 1197 1035 sunt,
1243 990 1357 1024 non
1401 973 1574 1025 modo
1611 980 1670 1026 ut
1698 973 1754 1025 id
1783 989 1898 1024 non
1936 971 2138 1033 celent,
2168 970 2267 1022 sed

637 1058 812 1110 etiam
883 1059 1258 1127 profiteantur
1332 1058 1540 1126 palam,
1614 1065 1668 1112 et
1739 1058 1907 1126 longo
1972 1057 2093 1125 jam
2163 1074 2266 1109 usu

637 1144 886 1196 virorum
933 1162 1093 1212 aeque
1136 1162 1201 1197 ac
1248 1144 1544 1196 mulierum
1590 1162 1753 1196 aures
1795 1143 1999 1196 callum
2038 1142 2119 1208 adr
2147 1149 2265 1195 tam

638 1224 838 1281 nefarii
887 1229 1113 1282 sceleris
1160 1247 1369 1282 nomen
1424 1229 1780 1282 obduxerint.
1859 1229 2267 1298 Quodtamen

608 1321 617 1334 ²
637 1315 841 1368 vitium
889 1333 994 1367 nos
1045 1315 1213 1382 vulgo
1266 1334 1395 1367 cum
1449 1315 1934 1383 reprehendimUS,
1987 1322 2043 1383 et
2095 1332 2266 1382 quam

639 1395 712 1454 sit
741 1418 909 1469 grave
954 1401 1190 1469 Deoque
1225 1400 1470 1453 invisum
1513 1401 1884 1464 ostendimUS,
1914 1400 2105 1453 caeteri
2133 1418 2269 1453 sane

637 1481 907 1540 laetantur
958 1496 1013 1539 et
1067 1489 1419 1555 approbant;
1486 1488 1673 1538 bonzii
1727 1489 1798 1541 ad
1851 1495 1994 1556 quos
2045 1487 2270 1554 potissi-

639 1591 796 1627 mum
849 1573 1214 1642 reprehensio
1265 1575 1531 1643 pertinet,
1584 1582 1808 1628 tantum
1856 1575 2017 1628 abest
2064 1581 2124 1627 ut
2170 1581 2268 1626 aut

641 1662 978 1715 erubescant
1019 1668 1116 1714 aut
1157 1661 1405 1724 doleant,
1437 1669 1497 1714 ut
1526 1661 1698 1714 etiam
1740 1669 1934 1729 aperte
1974 1660 2269 1732 derideant

641 1767 746 1801 nos
799 1744 855 1800 e't
908 1747 1164 1800 illudant.
1247 1747 1565 1800 Permultos
1617 1748 1831 1800 habent
1883 1749 1940 1799 in
1993 1746 2270 1800 coenobiis

641 1835 787 1887 filios
834 1835 1178 1903 optimatum
1226 1828 1608 1888 instituendos
1659 1835 1887 1891 litteris:
1949 1834 2152 1902 horum
2199 1851 2268 1887 ae-

639 1923 778 1976 tatis
822 1922 959 1975 flore
1005 1923 1335 1996 abutuntur.

716 2012 804 2063 De
846 2009 1065 2062 bonziis
1108 2009 1339 2078 quidam
1384 2016 1514 2062 sunt
1558 2008 1711 2062 cultu
1758 2008 2011 2078 corporis
2058 2008 2268 2077 nostris

643 2095 940 2149 monachis
969 2114 1084 2148 non
1113 2095 1418 2158 absimiles,
1459 2096 1716 2171 vestibus
1754 2103 1990 2152 utuntur
2028 2094 2270 2149 cineritii

642 2182 865 2247 coloriS‚
917 2183 1082 2236 tertio
1123 2182 1210 2236 vel
1254 2192 1456 2252 quarto
1500 2202 1724 2253 quoque
1767 2171 1857 2236 die
1899 2183 2165 2253 capillum
2203 2202 2271 2236 ac

642 2271 880 2324 barbam
924 2271 1152 2338 penitus
1193 2271 1459 2323 videntur
1500 2272 1798 2332 abradere3
1850 2271 2053 2324 horum
2094 2271 2273 2326 laxior

646 2359 817 2411 etiam
873 2368 957 2410 est
1012 2358 1328 2427 disciplina.
1403 2358 1708 2411 Muliebres
1773 2358 2140 2427 (quibuscum
2193 2359 2271 2412 vi-

643 2448 815 2509 vunt)
862 2445 1116 2513 ejusdem
1161 2444 1374 2497 ordinis
1417 2443 1629 2497 habent
1672 2451 1881 2498 coetus:
1934 2463 2075 2517 quas
2118 2444 2272 2499 fama

648 2531 1015 2584 consentiens
1056 2538 1142 2582 est
1168 2538 1531 2598 praegnantes
1570 2518 1797 2599 partum
1839 2531 2274 2585 medicamentis

647 2616 900 2685 abigere;
950 2616 1143 2684 itaque
1189 2617 1262 2669 ob
1308 2621 1448 2669 eam'
1483 2636 1601 2669 rem
1648 2618 1799 2686 apud
1847 2606 2271 2672 multitudinem

647 2704 959 2756 admodum
999 2704 1237 2757 audiunt
1280 2705 1444 2768 male,
1486 2722 1591 2757 nec
1631 2722 1767 2757 sane
1799 2707 2106 2774 (quantum
2145 2723 2273 2776 ego·

650 2799 785 2855 met,
840 2788 1092 2860 ipsorum
1146 2792 1334 2861 aliqua
1381 2811 1447 2844 ex
1492 2800 1652 2862 parte
1693 2793 1813 2861 jam
1867 2792 2110 2862 cognitis
2114 2811 2278 2876 Ἀπί-ΠΟ·-

648 2880 821 2943 ribus,
878 2880 1135 2948 judicare
1197 2883 1462 2948 possum)
1520 2879 1742 2949 injuria.
1825 2881 1950 2932 Hos
2011 2880 2159 2934 inter
2218 2886 2274 2934 et

649 2967 790 3021 alios
842 2986 984 3036 quos
1037 2968 1151 3020 dixi
1205 2968 1551 3020 sacrificulos
1602 2967 1668 3031 (ii
1714 2967 2048 3021 clericorum
2099 2967 2276 3022 ferme

649 3062 887 3112 utuntur
930 3059 1164 3119 ornatu)
1215 3055 1449 3109 minime
1495 3054 1778 3109 convenit.
