2639 3798
658 414 845 453 LIBER
883 415 1011 454 VIII.
1034 430 1107 438 -
1128 416 1420 454 EPISTOLA
1457 417 1572 455 XIV.
1831 418 1935 471 257

296 568 376 604 eae
427 548 736 603 relectione
789 550 1350 614 commentariorum,
1404 551 1608 620 quibus
1659 550 1928 619 praesenti

298 636 684 707 experimento
728 637 1079 707 consignatae
1124 646 1272 700 sunt,
1303 655 1494 689 rursus
1535 643 1811 705 tanquam
1844 653 1926 689 re-

296 730 488 779 centes
540 726 918 780 admoventur
969 726 1229 780 sensibus
1275 725 1471 790 animi,
1518 725 1654 777 dum
1703 724 1924 776 illarum

294 809 602 879 archetypa
645 812 1071 879 quodammodo
1112 830 1179 865 ex
1218 811 1435 880 ectypis
1471 817 1807 879 reparantur
1820 827 1833 872 ;
1869 818 1924 864 et

292 908 432 953 tunc
496 899 657 968 quasi
726 918 872 951 vena
936 900 1141 952 iterum
1207 906 1429 967 reperta
1494 895 1706 950 metalli
1771 896 1922 950 unde

293 985 564 1048 hauseriS,
610 994 871 1040 scrutans
914 987 1125 1040 ibidem
1168 985 1503 1055 profundius
1556 1002 1734 1038 novas
1785 1002 1923 1053 opes

291 1091 470 1136 erueS‚
525 1092 628 1141 pro
679 1073 1054 1127 fundamento
1107 1081 1274 1126 utens
1332 1071 1548 1125 altioris
1601 1078 1920 1133 structurae,

292 1158 517 1228 fastigio
557 1159 681 1228 ipso
719 1160 875 1229 prius
915 1161 1289 1213 detectorum.

365 1246 459 1298 Sic
514 1246 665 1298 enirn
712 1247 820 1299 Dei
870 1246 1294 1299 communicare
1340 1264 1463 1299 sese
1511 1244 1763 1313 gestiens
1822 1246 1921 1298 Sa-

289 1334 519 1403 pientia,
549 1334 670 1386 solo
698 1335 961 1403 gratuitae
1005 1333 1406 1385 misericordiae
1450 1332 1725 1385 instinctu
1769 1340 1926 1384 amat

288 1418 585 1486 vigilantes
656 1420 727 1472 ad
779 1437 839 1473 se
887 1438 916 1473 e
961 1421 1085 1473 luce
1137 1421 1194 1472 in
1248 1421 1450 1483 lucem,
1498 1438 1528 1472 e
1575 1419 1918 1489 crepusculis

288 1523 386 1574 per
431 1504 713 1558 adultiora
758 1505 974 1558 lumina
1016 1505 1326 1573 provehere
1368 1506 1439 1559 ad
1476 1504 1706 1573 plenum
1754 1504 1917 1559 meri-

289 1592 439 1646 diem
482 1592 797 1646 continenti
825 1600 1134 1662 augmento
1177 1592 1475 1663 fulgorum.
1556 1594 1684 1662 Quo
1726 1591 1784 1643 in
1826 1604 1918 1661 ge-

291 1696 421 1731 nere
470 1677 603 1749 quia
652 1678 795 1732 solet
844 1679 1113 1748 prolixius
1159 1679 1345 1733 favere
1392 1679 1636 1747 propriae
1683 1678 1918 1732 vilitatis

289 1766 683 1835 depressiones
729 1767 1063 1819 meditando
1110 1767 1533 1836 indagantibuS,
1582 1785 1653 1818 ne
1696 1765 1922 1818 dubites

289 1853 422 1922 quin
493 1872 861 1923 perseverans
931 1854 1336 1924 longanimiter
1406 1854 1464 1906 in
1536 1853 1646 1907 isto
1718 1861 1920 1907 sancto

289 1940 553 1995 exercitio
590 1940 947 2006 humilitatis,
986 1949 1041 1995 et
1079 1942 1299 1994 notitiae
1336 1941 1555 1993 intimae
1593 1939 1917 1992 defectuum

286 2033 531 2091 tuorum,
562 2027 785 2097 magnis
824 2027 955 2083 inde
995 2027 1361 2098 profectibuS,
1397 2046 1512 2082 non
1551 2027 1918 2098 perfectionis

288 2115 457 2168 modo
506 2116 768 2184 propriae,
811 2116 911 2169 sed
958 2134 1324 2169 successuum
1374 2115 1548 2169 etiam
1599 2115 1917 2185 ingentium
1960 2167 1963 2168 γ

286 2199 342 2252 in
408 2202 808 2268 procuratione
876 2202 1072 2255 salutis
1139 2203 1336 2255 alienae
1389 2202 1766 2256 cumulandus
1819 2203 1914 2266 siS,

286 2295 340 2339 et
387 2308 491 2340 usu
545 2297 875 2358 experturus
922 2288 1076 2357 quod
1122 2288 1350 2357 re'ipsa
1395 2287 1755 2341 verissimum
1797 2306 1916 2358 ‘non

285 2391 485 2428 omnes
526 2375 874 2444 intelligunt:
918 2377 976 2429 in
1009 2394 1124 2429 una
1163 2378 1394 2430 demum
1435 2377 1657 2430 sincera
1697 2376 1782 2429 sui
1823 2377 1916 2429 de-

285 2460 583 2529 spicientia
631 2470 814 2514 totam
862 2481 1021 2531 spem
1069 2463 1239 2516 sitam
1288 2481 1411 2516 esse
1455 2462 1572 2515 veri
1619 2470 1675 2515 et
1723 2462 1917 2531 magni

283 2543 495 2600 fructus
540 2548 610 2600 ab
655 2549 981 2618 evangelico
1023 2566 1285 2618 praecone
1322 2549 1619 2602 referendi.
1670 2551 1915 2602 Fructus

283 2642 472 2686 autem
521 2634 734 2687 solidus
779 2645 834 2688 et
880 2636 1081 2704 plenus
1128 2657 1241 2689 non
1290 2644 1395 2699 est,
1442 2655 1610 2704 quem
1659 2635 1754 2704 qui
1802 2635 1912 2688 col-

280 2717 398 2786 ligit
441 2721 587 2789 perit
631 2740 733 2774 sua
774 2723 1023 2791 pernicie
1066 2723 1190 2775 aliis
1232 2723 1554 2776 consulenS.

352 2808 636 2874 Quocirca
687 2827 787 2876 per
838 2828 943 2876 ego
994 2817 1069 2871 te,
1124 2828 1236 2877 quo
1292 2811 1478 2861 Deum
1531 2808 1909 2876 prosequeriS,

280 2909 549 2959 amorem,
599 2914 699 2964 per
745 2905 1023 2964 quantum
1072 2896 1243 2947 debes
1291 2894 1443 2947 Patri
1492 2902 1688 2947 nostro
1744 2894 1909 2962 Igna-

278 2975 357 3032 tio
397 2987 452 3033 et
493 2983 630 3051 Jesu
676 2981 950 3036 Societati
994 2983 1270 3036 universae
1318 2982 1457 3047 (scis
1500 2990 1692 3035 autem
1736 3000 1907 3052 quarn

280 3067 518 3120 multum
562 3069 785 3137 utrique
829 3070 1089 3132 debeas),
1120 3089 1219 3120 oro
1256 3078 1311 3120 et
1345 3059 1545 3136 adjuro
1584 3067 1777 3130 semel,
1813 3067 1913 3121 ite-

279 3165 418 3217 rum,
448 3155 636 3218 terti0‚
667 3163 882 3225 quanta
920 3173 1144 3208 summa
1173 3154 1540 3208 contentione
1568 3162 1624 3207 et
1659 3154 1913 3208 efficacia

1583 3352 1651 3410 Ι7
