2649 3754
645 356 751 393 112
1031 354 1215 391 LmER
1254 353 1356 389 vn.
1378 368 1451 376 --
1472 352 1765 390 Erus-rom
1805 328 1891 390 111.

634 491 809 552 atque
894 483 1038 535 adeo
1103 482 1228 551 plus
1308 502 1479 552 quam
1564 485 1998 537 concionatores
2053 499 2084 533 e
2145 498 2270 549 sug·

634 578 795 637 gestu
868 586 1020 637 saepe
1083 569 1410 637 proficiunt,
1486 572 1695 641 quippe
1747 589 1875 624 curn
1929 569 2096 638 longe
2147 567 2274 637 plus

637 656 917 709 momenti
964 658 1036 709 ad
1079 660 1530 726 permovendum
1575 661 1631 712 in
1676 659 1841 713 factis
1884 658 1956 710 sit
1999 672 2171 726 quam
2215 654 2272 707 in

637 743 822 797 dietis.

709 831 769 884 Si
811 832 1017 885 Goano
1046 832 1103 884 in
1132 833 1368 902 collegio
1411 835 1562 888 Socii
1604 843 1735 888 sunt
1776 835 1849 887 ad
1889 830 2262 886 christianam

636 917 959 970 doctrinam
1002 918 1059 970 in
1100 921 1366 973 omnibus
1407 923 1560 974 urbis
1600 922 1828 990 templis
1864 929 2075 972 tenerae
2114 918 2269 970 aetati

637 1003 975 1056 tradendam
1021 1004 1230 1070 idonei,
1276 1009 1457 1061 solitis
1501 1009 1655 1062 horis
1706 1008 2019 1062 mittendos
2065 1021 2274 1058 censeo

637 1099 699 1144 ut
767 1091 1183 1147 catechismum
1243 1096 1474 1164 quidem
1529 1098 1772 1150 doceant
1841 1093 2113 1164 quotidie,
2177 1092 2274 1144 do-

640 1178 863 1233 minicis
905 1186 1098 1233 autem
1152 1200 1218 1236 ac
1265 1181 1423 1237 festis
1469 1183 1669 1237 diebus
1721 1181 2045 1252 appositam
2099 1177 2272 1232 etiam

638 1266 711 1320 ad
757 1285 824 1320 ea
870 1285 996 1336 quae
1058 1268 1417 1338 explicantur
1458 1291 1488 1324 e
1531 1272 1884 1325 catechismo
1930 1266 2272 1324 cohortatio-

640 1373 772 1407 nem
825 1355 1092 1420 habeant,
1142 1366 1196 1410 et
1246 1359 1413 1412 simul
1461 1361 1643 1414 sancti
1689 1360 1927 1429 alicujus
1979 1357 2080 1411 viri
2135 1372 2273 1425 prae-

639 1442 790 1494 clara
843 1442 993 1495 facta
1045 1455 1521 1500 commemorent.
1604 1446 1840 1516 Collegii
1894 1453 2063 1515 porro
2108 1442 2274 1497 istius

641 1537 827 1583 rector
872 1530 1022 1582 idem
1070 1530 1241 1585 faciat
1288 1532 1345 1585 in
1397 1521 1648 1586 maximo
1694 1533 1848 1586 urbis
1900 1530 2136 1601 templo.
2217 1529 2276 1583 Si

640 1616 733 1670 alii
766 1626 1041 1686 praeterea
1071 1619 1510 1674 concionatores
1551 1621 1706 1674 domi
1747 1628 1898 1683 sunt,
1931 1619 2026 1688 qui
2067 1633 2274 1686 pueros

642 1703 968 1757 christianae
1027 1704 1341 1774 disciplinae
1405 1707 1728 1760 rudimenta
1789 1708 1993 1760 docere
2045 1711 2276 1775 queant,

644 1800 971 1861 pergratum
1015 1792 1153 1844 mihi
1195 1793 1431 1847 fecerint
1473 1794 1518 1847 si
1560 1812 1657 1847 eos
1700 1793 2015 1856 docuerint,
2056 1808 2123 1844 ac
2164 1807 2280 1844 suae

642 1879 868 1932 virtutis
909 1880 1084 1932 odore
1125 1887 1300 1949 atque
1341 1881 1601 1950 exemplo
1634 1881 1882 1950 reliquos
1910 1876 2279 1932 excitaverint

643 1966 716 2020 ad
780 1966 1032 2020 studium
1097 1968 1345 2036 pietatis.
1451 1971 1664 2022 Verum
1740 1986 2002 2022 sermone
2081 1983 2281 2019 omnes

646 2061 880 2108 utantur
944 2055 1095 2123 apud
1169 2057 1479 2110 Lusitanos
1545 2056 1760 2127 vulgari
1825 2074 1891 2109 ac
1957 2053 2280 2116 vernacuIO,

648 2143 799 2215 quali
843 2143 1134 2213 indigenae
1180 2144 1568 2200 christianiae
1613 2146 1900 2216 mancipia
1945 2144 2026 2199 uti
2069 2143 2280 2197 solent:

649 2233 803 2301 quod
875 2250 979 2301 ego
1046 2251 1271 2302 quoque
1341 2253 1470 2287 cum
1536 2234 1663 2287 istic
1737 2252 1920 2287 essem
1988 2231 2281 2300 sequebar,

649 2319 919 2390 quoniam
963 2320 1009 2372 is
1043 2339 1229 2374 sermo
1273 2321 1491 2375 facilius
1533 2322 1590 2374 in
1633 2340 1797 2375 aures
1840 2329 2011 2390 atque
2055 2319 2281 2373 animos

647 2407 830 2461 influit
883 2409 1227 2461 auditorum.
1307 2409 1458 2477 Quid
1505 2409 1562 2460 in
1610 2408 1717 2460 hoc
1769 2425 1976 2476 genere
2029 2406 2146 2468 fiat,
2196 2404 2272 2457 fa-

653 2495 762 2550 cite
815 2495 1131 2549 identidem
1180 2506 1240 2550 ut
1289 2497 1486 2550 sciam.

728 2584 1074 2652 Magnopere
1133 2585 1330 2637 hortor
1381 2596 1441 2637 ut
1494 2585 1655 2636 vobis
1709 2585 1816 2653 ipsi
1873 2584 2056 2653 (quod
2110 2590 2280 2651 caput

652 2675 766 2734 est)
802 2671 1049 2738 primum
1088 2674 1428 2742 attendatis:
1473 2674 1579 2742 Qui
1615 2673 1753 2723 enim
1794 2673 1895 2723 sibi
1936 2687 2157 2739 nequam
2192 2675 2278 2730 est,

653 2758 738 2810 cui
790 2758 945 2811 bonus
997 2760 1095 2811 erit
1126 2762 1179 2811 1?
1236 2743 1333 2828 'qui
1387 2760 1528 2811 alios
1581 2777 1776 2811 curare
1835 2766 2023 2827 potest
2076 2756 2172 2825 qui
2225 2773 2283 2807 se

657 2843 843 2913 ipsum
893 2844 1164 2914 negligit?
1222 2845 1317 2914 qui
1363 2845 1599 2898 tandem
1644 2837 1899 2898 attentus
1941 2861 2007 2897 ac
2050 2841 2289 2911 diligens

658 2931 762 2983 erit
815 2932 872 2984 in
926 2933 1124 2985 alienis
1177 2935 1362 2997 rebu5‚
1408 2934 1503 3003 qui
1552 2941 1637 2986 est
1685 2932 1996 2987 dissolutus
2033 2931 2091 2985 in
2138 2929 2288 2984 suis?

744 3132 776 3164 1.
795 3128 911 3163 Ecoli.
930 3130 1033 3167 XIV,
1051 3132 1083 3163 5.

2602 1357 2640 1740 ,qu-hqessm
2594 1182 2626 1303 μβ)
2587 1006 2622 1128 9³0

2634 2138 2649 2174 —t
2626 1965 2649 2086 *ish
2625 1861 2649 1913 ΡΗ
