2665 3754
1128 327 1311 366 LIBER
1352 328 1427 366 IX.
1449 343 1521 350 -
1541 326 1833 365 EPISTOLA
1871 325 1986 366 XVI.

743 473 914 529 ceret‚
955 464 1191 518 omnino
1219 465 1341 533 jam
1370 464 1592 517 decrevi
1625 464 1935 533 adjungere
1972 481 2062 514 me
2100 461 2366 516 comitem

740 552 961 620 Jacobo
994 551 1169 604 Vasio
1205 551 1510 619 AragoniO,
1543 551 1731 603 Sionis
1768 567 2025 617 regnum,
2054 556 2115 603 ut
2152 549 2365 604 dictum

742 645 846 701 est,
876 637 1121 706 petenti;
1153 638 1304 710 unde
1332 636 1494 710 facil-e
1522 637 1747 689 confido
1777 654 1866 687 me
1894 653 2047 688 anno
2074 643 2363 704 sequente,

705 744 707 747 ⁴
741 723 929 777 lembo
962 723 1143 778 sinico
1179 742 1246 777 ex
1280 724 1347 778 iis
1381 742 1523 794 quos
1549 720 1752 788 Juncos
1784 731 2011 786 vocant,
2044 723 2366 777 Cantonem

740 811 1135 879 appulsurum;
1176 820 1347 880 atque
1385 813 1528 864 adeo
1566 811 1610 863 si
1642 818 1758 873 tua,
1788 817 1849 862 ut
1885 810 2056 862 modo
2086 809 2363 874 dicebam,

739 897 948 967 legatio
981 916 1134 950 anno
1166 898 1365 951 saltem
1403 897 1661 968 sequenti
1696 915 1923 950 cursum
1960 914 2123 949 suum
2154 904 2364 962 teneat,

742 1001 907 1053 spero
959 1002 1065 1038 nos
1117 985 1360 1039 invicem
1422 989 1676 1055 (quanta
1728 992 1925 1037 mutua
1977 983 2363 1038 consolatione

744 1071 901 1124 Deus
946 1071 1091 1134 scit)
1151 1071 1373 1125 Comaii
1420 1079 1517 1126 aut
1565 1072 1831 1125 Cantone
1877 1087 2229 1134 occursuros,

816 1156 1028 1220 Scribe,
1077 1174 1178 1209 oro
1218 1165 1293 1220 te,
1342 1159 1414 1211 ad
1462 1176 1570 1220 me,
1619 1157 1822 1226 siqua
1866 1156 1971 1210 erit
2018 1156 2261 1222 occasi0,
2309 1157 2364 1211 in

742 1244 931 1297 Sionis
976 1260 1232 1312 regnum,
1287 1245 1422 1313 quid
1469 1244 1835 1297 constitueris
1851 1261 1864 1305 3
1920 1261 2052 1297 nam
2107 1244 2165 1296 in
2212 1246 2364 1298 omni

741 1338 947 1383 eventu
980 1330 1368 1399 gratissimum
1399 1330 1537 1383 mihi
1565 1331 1670 1383 erit
1699 1331 1794 1400 qui
1823 1330 1896 1383 sit
1925 1349 2112 1383 rerum
2140 1339 2364 1395 tuarum

742 1424 926 1471 status
971 1435 1039 1470 ex
1083 1418 1197 1471 tuis
1241 1418 1446 1472 litteris
1492 1435 1853 1487 cognoscere.

816 1506 903 1558 De
937 1504 1172 1559 minutis
1205 1505 1690 1574 singularitatibus
1727 1505 2121 1559 conventionis
2159 1513 2365 1560 nostrae

741 1609 872 1645 cum
928 1598 1243 1645 mercatore
1291 1591 1518 1645 Sinensi
1575 1591 1725 1645 circa
1782 1610 1969 1645 meam
2023 1591 2364 1660 deportatio-

742 1695 874 1730 nem
911 1677 968 1729 in
1006 1678 1202 1730 urbem
1238 1680 1580 1741 Cantonem,
1618 1679 1780 1746 plura
1814 1680 1985 1731 modo
2019 1695 2133 1730 non
2167 1678 2363 1742 referO,

742 1764 895 1832 quod
924 1781 990 1815 ea
1018 1763 1293 1816 disserere
1321 1764 1498 1817 tutius
1532 1772 1588 1817 et
1616 1765 1924 1832 jucundius
1955 1763 2120 1817 fuerit
2158 1783 2217 1816 re
2247 1764 2365 1833 jam

741 1858 1033 1903 transacta
1048 1870 1060 1912 3
1111 1851 1303 1919 itaque
1350 1851 1443 1903 illa
1489 1860 1755 1920 exspecta
1799 1852 2002 1904 litteris
2034 1870 2176 1919 quas
2208 1853 2280 1904 ad
2313 1860 2367 1905 te

743 1954 909 2005 spero
961 1955 1051 1989 me
1098 1938 1367 1991 daturum
1415 1938 1665 1991 Manueli
1718 1939 1788 1991 de
1836 1938 2079 1991 Chaves.

817 2022 877 2076 Si
915 2022 1051 2092 quid
1090 2023 1269 2077 nostri
1305 2025 1502 2077 Patres
1533 2024 1788 2087 Malacae,
1821 2026 1981 2087 Goae,
2011 2031 2108 2077 aut
2146 2023 2365 2093 uspiam

742 2109 999 2162 conferre
1043 2118 1279 2178 possent
1332 2111 1404 2162 ad
1450 2111 1866 2178 expediendum
1915 2110 2205 2178 negotium
2256 2118 2367 2163 tuae

742 2194 1060 2264 legationiS,
1126 2195 1395 2249 adhibere
1448 2196 1670 2250 illorum
1725 2214 1956 2265 operam
2022 2214 2092 2250 ne
2151 2196 2366 2250 dubita.

744 2282 1116 2334 Franciscum
1158 2282 1471 2345 Perezium,
1508 2285 1824 2350 Gasparem
1866 2284 2185 2345 Barzaeum,
2229 2282 2367 2335 alios

742 2388 943 2423 omnes
986 2370 1328 2439 ubicumque
1371 2370 1596 2434 fuerint,
1641 2371 1917 2440 quidquid
1959 2372 2249 2439 potuerint
2296 2372 2364 2423 ad

741 2463 943 2510 nutum
1002 2457 1201 2528 exequi
1258 2457 1653 2527 paratissimos
1709 2456 1963 2522 habebis,
2019 2458 2213 2529 utique
2273 2456 2365 2528 qui

742 2546 1011 2614 praeclare
1044 2547 1228 2599 sciant
1258 2564 1428 2615 quam
1468 2547 1524 2599 id
1554 2547 1693 2598 mihi
1730 2548 1885 2599 cordi
1915 2547 2006 2610 sit,
2046 2548 2146 2600 sed
2187 2546 2365 2615 (quod

742 2640 914 2701 caput
967 2636 1092 2697 est)
1152 2633 1647 2702 persuasissimum
1701 2633 1951 2686 habeant
2004 2652 2128 2686 esse
2178 2641 2363 2686 totum

742 2719 893 2773 istud
947 2720 1238 2788 negotium
1292 2720 1471 2771 multo
1524 2720 1755 2770 maximi
1809 2720 2086 2771 momenti
2139 2722 2211 2771 ad
2262 2718 2366 2782 Dei

745 2806 980 2858 Domini
1034 2806 1214 2859 nostri
1266 2806 1522 2875 gloriam,
1577 2813 1633 2859 et
1685 2805 2139 2874 redemptionem
2192 2802 2367 2857 infeli-

741 2894 891 2947 cium
931 2912 1139 2962 magno
1176 2911 1413 2946 numero
1448 2892 1873 2956 Lusitanorum,
1904 2892 1999 2961 qui
2038 2892 2365 2945 servitutem

742 2981 1119 3035 miserrimam
1174 2981 1232 3034 in
1279 2980 1579 3049 ergastulis
1626 2980 1889 3034 Sinarum
1938 2980 2258 3049 patiuntur:
2311 2977 2367 3030 in

742 3069 907 3140 quale
944 3068 1314 3122 infortunium
1353 3067 1620 3122 incidisse
1657 3067 1996 3137 nuperrime,
2041 3064 2366 3121 tristissimo
