2639 3798
581 380 763 417 LIBER
801 380 880 416 v1.
902 395 974 401 -—-
995 379 1286 416 EPISTOLA
1324 379 1425 416 vn.
1745 365 1809 417 61

197 528 350 566 mum
416 528 542 565 mea
604 512 800 566 laudes
864 530 928 565 ac
993 513 1155 564 dotes
1217 511 1449 580 virginis
1505 510 1625 562 sine
1683 509 1812 563 fuco

193 597 520 669 exequentis
576 598 776 653 oratio,
855 598 1005 668 Quid
1064 597 1275 652 multa?
1327 597 1593 651 Promisit
1639 614 1698 652 se
1750 597 1809 651 il-

192 687 302 739 lam
357 688 656 755 conjugem
709 688 1037 748 ducturum;
1093 704 1197 737 nec
1248 684 1447 737 dubito
1499 684 1654 754 quin,
1707 702 1810 754 pro

192 792 291 826 sua
360 779 565 826 caetera
632 773 955 837 veracitate,
1022 773 1258 842 jureque
1325 771 1591 826 amicitiae
1658 773 1810 842 quod

191 867 385 912 sancte
461 878 684 928 semper
759 878 980 913 mecum
1058 858 1248 922 coluit,
1326 859 1494 912 fidem
1574 858 1808 926 polliciti

191 946 340 999 facto
403 954 787 1016 repraesentet,
853 947 911 998 in
975 963 1034 999 re
1096 944 1410 1014 praesertim
1474 963 1646 1014 quarn
1704 943 1831 1005 sibi,

191 1032 456 1100 amplam,
521 1032 735 1096 utilem,
799 1032 1189 1096 honorificam,
1253 1032 1325 1084 ad
1386 1049 1588 1100 pacem
1655 1038 1807 1084 tran-

191 1118 637 1188 quillitatemque
680 1119 812 1172 vitae
867 1119 1360 1172 accommodatam
1416 1117 1583 1187 plane
1638 1133 1807 1187 agno-

191 1206 314 1258 scit.
394 1207 594 1274 Itaque
661 1224 775 1258 non
842 1205 1095 1259 dubitavi
1155 1212 1337 1259 totam
1400 1223 1519 1257 rem
1583 1203 1809 1273 scriptis

190 1290 390 1345 litteris
450 1291 871 1344 communicare
934 1291 1100 1344 matri
1162 1298 1370 1344 nostrae
1432 1290 1514 1343 uti
1573 1290 1808 1344 minime

191 1376 439 1440 dubiam,
507 1377 553 1430 si
620 1379 742 1446 ipsa
809 1377 1095 1439 annuerit3
1160 1378 1311 1446 quod
1378 1377 1514 1447 quin
1587 1376 1659 1430 sit
1728 1376 1806 1430 fa-

190 1472 364 1528 ctura,
436 1471 606 1535 atque
666 1465 809 1517 adeo
879 1472 997 1517 tarn
1060 1463 1414 1532 splendidam
1480 1464 1583 1517 viri
1645 1465 1806 1533 probi

189 1565 243 1610 et
303 1558 493 1611 divitis
553 1560 885 1612 affinitatem
947 1560 1003 1610 in
1061 1559 1347 1611 felicitatis
1399 1568 1562 1627 parte
1614 1578 1806 1611 nume-

190 1650 394 1706 ratura,
448 1643 631 1697 nullus
683 1644 898 1697 dubito.

262 1732 388 1783 Etsi
448 1731 528 1783 ita
589 1740 648 1783 ut
708 1731 914 1783 videtis
973 1739 1299 1799 promotum
1359 1731 1648 1800 negotium
1701 1740 1805 1795 est,

191 1817 318 1887 quia
375 1825 567 1871 tamen
626 1819 803 1871 multa
856 1837 1079 1888 semper
1129 1818 1445 1872 executioni
1498 1817 1805 1872 destinato-

190 1921 310 1958 rum
371 1904 771 1970 interveniunt,
836 1905 997 1960 facile
1057 1907 1327 1976 provideo
1387 1906 1539 1959 haud
1601 1906 1658 1958 in
1716 1924 1804 1958 ex-

189 1991 379 2059 pedito
440 2009 558 2045 rem
621 1992 748 2046 istic
809 1992 1074 2056 futuram,
1132 1993 1244 2057 'nisi
1301 2010 1403 2062 pro
1453 1993 1597 2046 virili
1649 1993 1805 2046 adni-

188 2078 402 2131 tamini.
483 2081 600 2134 Oro
659 2098 760 2133 vos
821 2080 991 2133 ambo
1047 2087 1217 2149 atque
1269 2081 1521 2144 obsecro,
1576 2088 1636 2134 ut
1690 2098 1803 2134 me-

189 2184 371 2219 mores
421 2167 619 2237 prolixi
672 2187 895 2237 semper
945 2168 1003 2220 in
1056 2187 1160 2221 nos
1212 2167 1404 2231 animi,
1458 2167 1803 2237 quotidianae

187 2251 552 2318 liberalitatiS,
624 2256 1172 2310 benevolentissimae
1244 2255 1537 2310 charitatis
1607 2255 1805 2309 matris

188 2348 411 2403 nostrae,
471 2339 551 2393 sic
609 2341 758 2409 apud
810 2359 911 2395 vos
968 2342 1233 2396 statuatis
1294 2342 1441 2397 hanc
1501 2343 1662 2397 vobis
1723 2344 1802 2396 di-

186 2427 393 2479 vinitus
450 2428 632 2479 offerri
683 2427 993 2497 pretiosam
1046 2428 1404 2480 occasionem
1458 2429 1802 2496 rependendi

188 2520 269 2566 tot
330 2515 452 2581 ejus
512 2516 800 2568 beneficiis
862 2533 1033 2568 unam
1090 2517 1339 2584 quidem,
1394 2517 1492 2568 sed
1546 2516 1631 2568 sui
1683 2536 1799 2570 mo-

188 2607 378 2651 mento
438 2599 619 2652 instar
674 2599 978 2653 multarum
1031 2599 1370 2662 habituram,
1424 2602 1567 2669 grati
1622 2602 1800 2656 nostri

184 2684 362 2739 vicem
414 2705 480 2740 ac
532 2687 1045 2741 remunerationem
1109 2687 1293 2741 officii.

254 2772 508 2843 Satagite
565 2791 697 2842 ergo
754 2791 884 2827 cum
941 2791 1040 2842 per
1095 2791 1195 2827 vos
1247 2774 1371 2842 ipsi,
1425 2781 1547 2827 tum
1599 2775 1798 2844 implo-

187 2865 306 2912 rata
369 2867 540 2929 atque
601 2860 857 2913 adhibita
922 2862 1123 2913 eodem
1164 2860 1441 2929 ‚primarii
1502 2862 1801 2930 quaestoris

183 2945 359 3010 gratia
435 2954 491 2999 et
570 2963 758 3015 opera,
838 2963 908 2999 ne
985 2963 1248 2999 successu
1325 2954 1443 2999 tam
1514 2964 1799 3016 prosperae

185 3032 623 3100 opportunitatis
712 3032 920 3085 afflicta
1011 3032 1103 3085 illa
1190 3032 1411 3086 familia
1483 3032 1798 3088 frustretur.

188 3117 425 3183 Efficite,
503 3119 755 3189 inquam,
824 3119 979 3172 omni
1059 3127 1287 3183 conatu,
1369 3127 1429 3174 ut
1508 3119 1799 3174 solitudini
