2639 3798
624 387 807 428 mmm
845 374 1376 430 vnn—EmsrorA
1414 388 1530 429 x1x.
1788 374 1892 442 283

276 529 441 604 gotiis
486 537 716 594 navant,
765 548 890 600 quae
935 538 1034 585 tua
1079 528 1217 584 mihi
1261 529 1492 600 largitas
1533 528 1730 584 tribuit
1771 544 1890 581 om-

277 620 384 674 nia.
464 618 574 670 Pro
615 616 703 671 his
745 617 916 687 igitur
954 618 1056 672 tibi
1099 616 1311 687 gratias
1352 625 1408 671 et
1451 634 1559 686 ago
1604 623 1661 670 et
1705 613 1890 669 habeo

277 703 642 760 immortales.

346 782 513 845 Nunc
552 789 990 844 christianorum
1039 791 1315 854 omnium,
1355 790 1442 844 vel
1488 789 1891 844 Lusitanorum

275 877 359 933 vel
412 878 687 932 Indorum
741 878 989 943 nomine,
1046 878 1295 948 itemque
1346 877 1722 940 ethnicorum,
1776 894 1893 927 ma-

277 965 421 1020 xime
482 983 616 1017 vero
676 965 965 1036 Japonum
1016 983 1084 1019 ac
1137 963 1420 1028 Sinarum,
1486 963 1588 1018 abs
1649 969 1707 1018 te
1758 969 1892 1032 peto

278 1055 548 1123 majorem
610 1055 668 1108 in
722 1056 973 1120 modum,
1026 1064 1087 1109 ut
1138 1074 1241 1125 pro
1300 1064 1401 1109 tuo
1453 1072 1586 1124 erga
1637 1051 1891 1107 divinum

277 1139 486 1195 cultum
528 1147 585 1194 et
627 1130 944 1195 animarum
987 1141 1227 1197 salutem
1272 1142 1462 1197 studio
1507 1140 1775 1210 singulari
1816 1140 1891 1195 ef·

276 1228 447 1293 ficiaS,
502 1236 563 1281 ut
614 1226 724 1281 hoc
774 1227 898 1298 ipso
949 1248 1102 1281 anno
1159 1228 1485 1282 sacerdotes
1530 1246 1560 1281 e
1607 1226 1893 1281 Societate

276 1313 439 1368 istinc
492 1314 721 1368 veniant
786 1315 1214 1384 quamplurimi3
1286 1315 1475 1367 idonei
1539 1313 1773 1377 scilicet,
1837 1321 1893 1365 et

274 1409 392 1453 tum
435 1399 610 1463 domi,
652 1408 775 1453 tum
819 1400 953 1452 foris
996 1419 1202 1469 magna
1244 1418 1373 1454 cum
1416 1401 1643 1454 virtutis
1686 1417 1751 1453 ac
1779 1400 1892 1468 pie-

273 1486 407 1539 tatis
472 1486 637 1540 laude
688 1488 745 1539 in
798 1487 1094 1540 hominum
1158 1487 1338 1540 salute
1399 1486 1628 1549 versati,
1694 1484 1890 1555 quales

277 1570 466 1639 utique
523 1570 674 1624 viros
739 1570 903 1625 India
966 1571 1268 1626 desiderat.
1348 1573 1498 1626 Nam
1551 1572 1684 1625 vitae
1738 1587 1891 1625 com-

278 1658 462 1712 munis
506 1657 751 1728 imperiti
796 1677 863 1711 ac
908 1659 1092 1722 rud'eS,
1139 1659 1398 1728 quamvis
1442 1658 1597 1712 docti
1639 1676 1706 1712 ac
1746 1657 1893 1712 litte-

278 1745 400 1809 rati,
447 1744 586 1798 nihil
630 1745 938 1800 admodum
984 1745 1072 1799 his
1115 1746 1344 1815 quidem
1387 1746 1526 1800 locis
1570 1746 1891 1815 proficiunt.

278 1837 462 1905 Quare
493 1843 568 1899 te,
597 1853 694 1886 rex
735 1834 968 1904 optime,
998 1854 1100 1904 pro
1142 1842 1242 1886 tua
1283 1832 1489 1886 eximia
1531 1850 1663 1901 erga
1708 1833 1894 1888 Deum

278 1925 331 1974 et
375 1918 636 1974 homines
683 1921 790 1974 Dei
836 1921 1111 1989 imagines
1156 1921 1453 1985 charitate,
1502 1922 1675 1975 etiam
1724 1930 1895 1992 atque

279 2007 446 2062 etiam
487 2025 641 2078 rog0,
676 2015 736 2060 ut
779 2009 1023 2060 Romam
1066 2006 1138 2059 ad
1182 2006 1469 2078 Ignatium
1510 2007 1690 2061 nostri
1730 2007 1895 2063 Ordi-

279 2093 363 2148 nis
407 2095 709 2150 Parent-em
752 2111 921 2164 quam
965 2095 1390 2150 accuratissime
1433 2095 1663 2161 scribas,
1704 2103 1767 2148 ut
1810 2114 1895 2147 sa-

279 2182 533 2237 cerdotes
601 2181 815 2251 aliquot
879 2182 951 2235 ad
1016 2181 1194 2236 multa
1261 2180 1594 2251 perferenda
1659 2194 1911 2252 corpore

280 2276 446 2340 atque
498 2270 689 2324 animo
739 2277 987 2339 paratOS,
1035 2270 1141 2323 etsi
1186 2288 1386 2339 parum
1433 2270 1505 2322 ad
1551 2269 1894 2323 concionan-

281 2357 412 2410 dum
458 2357 713 2420 idoneOS,
761 2357 953 2411 mittat
999 2357 1056 2410 in
1104 2358 1348 2421 Indiam,
1396 2365 1696 2426 propterea
1743 2360 1895 2428 quod

280 2444 419 2499 tales
458 2445 608 2499 viros
653 2463 782 2498 cum
831 2444 1105 2497 Indorum
1150 2452 1273 2497 tum
1318 2462 1451 2497 vero
1494 2444 1782 2515 Japonum
1829 2463 1896 2499 ac

283 2522 542 2589 Sinarum
588 2530 892 2603 expeditio
918 2533 1184 2603 requirat.

352 2621 528 2673 Hisce
579 2628 769 2673 autem
822 2620 1091 2672 comitem
1144 2619 1416 2687 adjungat
1461 2619 1713 2688 hujusce,
1745 2621 1897 2675 sedis

280 2722 343 2759 ac
387 2707 656 2761 domicilii
702 2714 997 2770 rectorem,
1036 2705 1325 2758 hominem
1367 2705 1628 2760 videlicet
1675 2715 1895 2777 specta-

279 2798 397 2844 tum
444 2812 510 2846 ac
555 2793 877 2863 probatum,
925 2792 1014 2845 cui
1061 2791 1300 2845 multum
1350 2793 1411 2845 P.
1461 2793 1719 2860 Ignatius
1754 2811 1896 2847 con-

278 2877 432 2943 fidat,
485 2888 541 2933 et
594 2888 803 2933 nostrae
855 2879 1166 2947 disciplinae
1223 2887 1393 2947 atque
1448 2878 1704 2932 Instituti
1757 2864 1897 2933 satis

279 2966 547 3031 peritum3
606 2966 654 3019 is
700 2964 911 3018 etenim
958 2971 1044 3018 est
1089 2963 1179 3017 hic
1224 2964 1697 3031 pernecessarius,

351 3051 444 3105 Sic
485 3052 636 3105 enim
678 3051 888 3104 habeto
930 3050 1254 3104 istiusmodi
1297 3050 1527 3103 demum
1573 3051 1899 3105 sacerdotes

283 3134 455 3203 Indis,
519 3137 780 3215 Japoniae
853 3156 919 3193 ac
1000 3135 1151 3193 Sinis
1231 3154 1439 3207 magno
1511 3137 1899 3197 emolumento
