2649 3754
598 333 702 402 156
976 348 1163 387 LIBER
1199 348 1303 386 vn.
1325 364 1398 371 —
1418 347 1711 387 EPISTOLA
1748 345 1853 387 vn.

595 484 809 538 Verum
877 485 1031 553 quod
1101 484 1254 538 cives
1321 484 1378 537 in
1451 484 1625 538 armis
1695 493 1887 537 essent
1958 469 2228 560 gravique

596 580 931 641 urgerentur
965 573 1131 637 be110,
1160 581 1388 643 tempus
1429 573 1500 626 ab
1538 573 1837 654 Evangelii
1871 572 2229 649 praedicatio-

594 677 665 712 ne
738 661 1150 714 alienissimum
1211 661 1483 731 judicavi.
1589 662 1822 715 Meacus
1888 660 2021 714 urbs
2092 647 2274 733 olim„

593 746 698 803 fuit
742 747 1096 817 amplissima
1111 765 1124 812 3
1184 765 1335 803 nunc
1377 755 1611 818 propter
1652 748 1911 803 assiduas
1953 745 2230 802 bellorum

595 833 971 898 calamitateS,
1021 853 1231 903 magna
1272 854 1340 889 ex
1380 843 1544 903 parte
1590 845 1786 889 eversa
1832 841 2003 903 atque
2044 838 2241 892 vastae
2317 888 2322 893 ,

594 930 655 974 ta
707 922 1199 990 ests-Quondam
1256 925 1348 986 (ut
1401 922 1593 985 aiunt)
1651 917 1933 974 tectorum
1985 917 2232 989 millibus
2311 978 2315 985 ,

596 1016 827 1060 centum
882 1008 1178 1076 octoginta
1232 1010 1556 1061 constabat.
1638 1008 1895 1060 Id‘sane
1949 1007 2088 1093 mibi
2140 1025 2232 1074 ve-

595 1094 830 1149 risimile
866 1094 1123 1157 videtur,
1180 1112 1471 1147 murorum
1526 1095 1678 1146 enim
1734 1092 2004 1164 circuitus
2050 1084 2234 1167 longe

598 1180 908 1236 maximam
949 1180 1121 1232 fuisse
1161 1181 1359 1233 urbem
1407 1181 1678 1233 declarat.
1759 1175 1927 1232 Nunc
1968 1179 2075 1232 etsi
2115 1193 2233 1231 ma-

595 1282 708 1334 gna
754 1283 822 1318 ex
867 1273 1028 1335 parte
1075 1284 1270 1320 eversa
1316 1274 1421 1330 est,
1469 1274 1666 1320 tamen
1714 1262 2014 1319 domorum
2060 1247 2236 1358 millia

598 1352 858 1411 continet
904 1352 1149 1422 amplius
1199 1360 1451 1406 centum.
1540 1365 1543 1369 '

672 1441 821 1493 Cum
887 1458 1072 1508 neque
1138 1449 1404 1508 pacatam
1472 1459 1656 1509 neque
1716 1439 1801 1493 ad
1856 1426 2235 1508 Eva'ngelium

597 1534 858 1595 paratam
907 1526 1283 1580 sensissemus
1329 1546 1453 1580 esse
1502 1525 1865 1581 Meacensem
1920 1527 2234 1602 civitatem,

599 1613 1018 1682 Amangucium
1084 1614 1534 1683 remigravimus,
1595 1614 1826 1683 regique
1877 1614 2113 1688 litteram,
2162 1619 2258 1683 'acv

600 1719 839 1752 munera
904 1701 1173 1753 amicitiae
1238 1720 1413 1753 causa
1476 1703 1547 1753 ab
1615 1702 1795 1753 Indiae
1859 1700 2115 1769 prorege‚
2157 1708 2234 1772 'et
2281 1765 2321 1771 ,Α

602 1789 810 1840 Goano
861 1787 1133 1854 episcopo
1187 1787 1363 1839 missa
1415 1788 1786 1839 reddidimus,
1868 1789 1991 1861 Rex
2036 1795 2091 1839 et
2139 1787 2236 1839 do-

602 1873 689 1925 nis
726 1880 782 1926 et
818 1873 1022 1928 litteris
1069 1875 1381 1927 admodum
1429 1874 1763 1938 delectatuS‚
1809 1872 1870 1927 ut
1915 1874 2023 1949 nos·
2053 1864 2236 1950 remu-

604 1967 916 2024 neraretur,
959 1979 1230 2029 magnum
1273 1960 1438 2014 nobis
1478 1960 1599 2014 auri
1639 1960 1974 2029 argentique
2011 1961 2269 2036 pondus}

603 2045 829 2100 obtulit.
910 2047 1130 2116 Quibus
1198 2052 1302 2100 nos
1370 2047 1701 2100 muneribus
1772 2041 2041 2111 remissiS,
2109 2044 2239 2100 eum

603 2135 930 2203 rogavimus
983 2144 1045 2186 ut
1098 2136 1144 2186 si
1191 2137 1344 2204 quod
1387 2154 1592 2186 munus
1634 2136 1871 2186 advenis
1914 2135 2241 2187 hominibus

605 2231 833 2291 gratum
884 2223 1018 2274 dare
1067 2224 1254 2286 vellet,
1306 2223 1512 2275 divinae
1560 2223 1700 2291 legis
1752 2224 1809 2274 in
1864 2240 1966 2275 sua
2024 2223 2241 2275 ditione

605 2308 769 2362 nobis
810 2308 1259 2378 promulgandae,
1296 2308 1412 2363 suis
1455 2308 1824 2400 popularibus
1864 2304 2241 2378 suscipiendae

606 2394 855 2450 faceret
882 2402 1260 2463 potestatem:
1327 2394 1438 2448 hoc
1514 2415 1750 2448 munere
1815 2394 1955 2448 nihil
2026 2395 2290 2464 gratius,
2373 2376 2377 2380 „

605 2481 1058 2537 acciderenobis
1098 2501 1283 2552 posse.
1338 2482 1433 2535 ·Id
1462 2481 1552 2535 ille
1590 2481 1970 2536 libentissime
2007 2481 2260 2552 largitus

610 2580 717 2626 est.
1507 2574 1510 2581 '
1909 2564 1930 2570 '¹

682 2660 837 2727 Ergo
883 2658 1072 2721 edicta
1119 2657 1501 2710 celeberrimis
1544 2657 1698 2710 urbis
1743 2657 1882 2710 locis
1916 2648 2242 2731 proposuit,

604 2746 810 2817 quibus
857 2746 1118 2799 edicebat
1171 2745 1393 2815 placere
1448 2746 1554 2799 sibi
1609 2745 1912 2800 coelestem-¹
1949 2744 2129 2815 legem
2181 2745 2239 2798 in

606 2852 709 2886 sua
761 2834 979 2887 ditione
1029 2834 1395 2903 promulgari,
1445 2835 1708 2886 eamdem
1762 2834 1829 2886 iis
1883 2834 1979 2903 qui
2032 2833 2241 2887 vellent
2294 2895 2297 2898 Δ

605 2921 891 2990 suscipere
932 2921 1128 2982 licere3
1172 2928 1227 2974 et
1271 2921 1438 2976 simul
1480 2939 1724 2974 vacuum
1769 2918 2097 2974 coenObium
2143 2938 2241 2973 no-

605 3009 695 3064 bis
736 3009 809 3063 ad
852 3008 1230 3063 habitandum
1274 3008 1553 3063 attribuit.
1637 3010 1769 3063 Huc
1813 3009 1885 3062 ad
1930 3027 2035 3063 nos
2082 3026 2244 3063 novae

609 3095 897 3169 religionis
949 3096 1364 3165 cognoscendae
1417 3114 1591 3155 causa
1644 3094 1808 3153 multi
1862 3095 2246 3153 ventitabant.
