2665 3754
705 327 807 378 392
1093 323 1278 360 LIBER
1319 323 1392 361 IX.
1420 337 1491 346 —
1514 322 1808 362 EPISTOLA
1849 322 1949 359 XII.

778 457 910 508 Huc
949 455 1103 508 Sinae
1142 465 1490 510 mercatores
1528 457 1691 510 multi
1730 457 2153 510 Cantonienses
2187 473 2341 510 com-

703 541 897 596 mercii
943 559 1116 595 causa
1168 550 1515 597 commeant.
1597 545 1854 612 Egerunt
1909 561 2039 597 cum
2092 542 2173 596 eis
2220 542 2341 596 dili·

699 638 899 701 genter
957 648 1023 683 ac
1076 647 1228 699 saepe
1284 631 1566 695 Lusitani,
1628 638 1689 685 ut
1743 647 1940 684 eorum
1993 629 2199 699 aliquis
2251 647 2343 685 me

702 719 1027 773 Cantonem
1064 716 1378 786 trajiceret3
1424 735 1625 770 omnes
1664 724 1859 771 tamen
1896 716 2132 787 praecise
2170 734 2338 787 nega-

700 813 850 870 runt,
900 805 1053 874 quod
1102 821 1374 872 magnum
1420 805 1553 859 vitae
1600 823 1667 859 ac
1709 805 2067 858 fortunarum
2109 822 2341 858 suarum

701 891 1008 946 discrimen
1056 910 1115 943 se
1162 890 1417 943 adituros
1464 891 1738 956 dicerent,
1798 891 1843 943 si
1890 890 2034 944 forte
2083 891 2139 943 id
2187 890 2340 944 urbis

701 980 1005 1050 praefectus
1057 979 1364 1047 aliquando
1418 979 1700 1032 rescisset.
1781 979 2062 1048 Quocirca
2120 986 2181 1031 ut
2235 995 2339 1031 nos

702 1067 760 1118 in
798 1082 930 1117 suas
964 1081 1138 1116 naves
1174 1065 1560 1118 conscendere
1594 1072 1943 1133 paterentur,
1981 1063 2135 1118 nullo
2170 1065 2342 1118 modo

707 1149 918 1204 adduci
965 1156 1293 1218 potuerunt.

777 1239 1191 1291 Verumtamen
1231 1236 1496 1290 inventus
1533 1245 1636 1299 est,
1682 1254 1797 1289 non
1840 1236 1962 1289 sine
2008 1236 2115 1289 Dei
2157 1236 2341 1289 consi-

704 1322 780 1376 lio
826 1326 917 1386 (ut
946 1321 1249 1384 arbitror),
1293 1330 1577 1374 mercator
1615 1322 2021 1375 Cantoniensis
2065 1342 2201 1374 sane
2246 1323 2344 1376 ho-

705 1397 920 1474 nestus,
944 1427 1190 1480 quocum
1220 1411 1406 1464 aureis
1434 1411 1695 1465 ducentis
1723 1410 1927 1464 decidi.
1961 1412 2018 1463 Is
2045 1410 2345 1479 pollicetur

703 1497 1174 1554 transmissurum
1238 1514 1343 1550 nos
1404 1514 1578 1565 parva
1637 1496 1913 1561 navicula,
1974 1495 2069 1550 ubi
2137 1504 2345 1565 praeter

703 1584 912 1637 liberos
970 1602 1104 1636 suos
1159 1592 1213 1635 et
1270 1602 1464 1636 servos
1512 1582 1846 1635 vernaculos
1903 1603 2117 1653 paucos
2176 1604 2346 1637 nemo

706 1673 807 1736 sit;
875 1679 936 1725 ut
998 1672 1044 1724 si
1105 1671 1250 1724 forte
1303 1671 1456 1723 urbis
1513 1670 1818 1740 praefectus
1874 1689 1992 1724 rem
2059 1673 2346 1738 odoretur,

706 1767 1008 1814 nautarum
1045 1758 1257 1811 indicio
1294 1758 1499 1811 rescire
1539 1776 1654 1811 non
1692 1758 1871 1827 possit
1909 1759 2035 1828 quis
2070 1778 2160 1813 me
2195 1761 2345 1814 Can-

706 1856 901 1902 tonem
957 1845 1263 1900 advexerit.
1346 1846 1506 1899 Idem
1561 1846 1772 1914 recepit
1828 1865 1886 1900 se
1938 1846 2190 1901 triduum
2251 1856 2348 1902 aut

707 1933 1074 2003 quatriduum
1129 1931 1284 1985 domi
1343 1950 1459 1985 suae
1514 1951 1618 1985 nos
1676 1951 1804 1986 cum
1868 1934 2077 1986 nostris
2140 1934 2350 1988 libellis

708 2038 775 2075 ac
818 2018 1116 2074 sarcinulis
1155 2026 1606 2082 asservaturum;
1645 2026 1768 2073 tum
1803 2037 2028 2073 summo
2068 2039 2238 2074 mane
2277 2020 2349 2074 ad

712 2109 865 2164 urbis
899 2117 1126 2178 portam
1163 2107 1428 2177 viamque
1470 2108 1865 2172 deducturum,
1905 2128 2032 2179 quae
2077 2117 2233 2163 recta
2276 2094 2350 2164 ad

712 2197 1043 2267 praetorium
1085 2195 1248 2248 ferat.

784 2284 919 2337 Mox
971 2300 1075 2351 ego
1127 2280 1459 2351 praefectum
1506 2281 1846 2335 conveniam
1896 2282 2133 2347 scilicet,
2185 2283 2348 2353 eique

708 2370 1116 2425 demonstrabo
1164 2387 1254 2421 me
1301 2387 1368 2421 eo
1415 2368 1653 2422 consilio
1699 2369 1921 2423 venisse
1971 2378 2030 2423 ut
2076 2370 2345 2424 Sinarum

711 2458 826 2528 regi
855 2458 1106 2511 divinam
1144 2457 1550 2526 coelestemque
1587 2457 1769 2526 legem
1808 2477 2180 2527 exponerem;
2225 2468 2347 2512 tum

711 2566 744 2599 a
798 2548 1006 2599 Goano
1058 2545 1327 2613 episcopo
1385 2545 1457 2596 ad
1511 2562 1701 2613 regem
1762 2545 2046 2614 proferam
2104 2546 2346 2599 litteras,

715 2633 1068 2686 Mercatores
1114 2649 1313 2684 omnes
1352 2630 1623 2683 Sinenses
1671 2639 1867 2684 nostro
1906 2631 2175 2686 laetantur
2221 2648 2349 2685 con-

713 2728 932 2789 spectu,
992 2719 1264 2787 aiuntque
1320 2718 1710 2787 gratissimum
1779 2719 1884 2771 sibi
1950 2719 2087 2784 fore,
2157 2720 2201 2772 si
2263 2736 2351 2770 res

714 2808 951 2862 tandem
998 2808 1391 2861 conficeretur.

788 2895 922 2948 Non
975 2913 1101 2948 sum
1155 2893 1379 2947 nescius
1432 2895 1545 2948 duo
1603 2895 1660 2946 in
1715 2894 1823 2948 hoc
1877 2896 2108 2966 negotio
2166 2896 2349 2948 inesse

716 2983 966 3053 pericula
1005 2986 1096 3047 (ut
1130 3001 1197 3035 ex
1226 2982 1492 3036 omnibus
1519 2982 1802 3051 indigenis
1830 2982 2140 3045 intellexi).
2196 2982 2346 3037 Alte-

719 3088 863 3134 rum,
913 3088 983 3124 ne
1029 3069 1166 3123 Sina
1213 3069 1303 3123 ille
1350 3077 1651 3132 mercator,
1698 3078 1934 3142 accepta
1977 3069 2237 3143 pecunia,
2291 3069 2347 3122 in
