2665 3754
688 342 793 410 298
1047 355 1233 393 LIBER
1270 354 1398 393 vm.
1419 369 1491 377 —
1511 355 1804 405 EmsroLA
1841 354 1954 393 xx1.

688 489 936 542 Pronum
990 489 1141 542 enim
1196 497 1280 543 est
1334 489 1599 543 humanae
1651 489 1967 543 infirmitati
2014 505 2307 556 erumpere

683 573 741 625 in
779 573 1036 641 querelas
1073 574 1343 627 adversus
1384 592 1481 627 eos
1509 593 1542 627 a
1569 575 1773 643 quibus
1816 592 1930 627 non
1973 574 2310 641 impetratur
2342 633 2345 635 Α

682 660 835 729 quod
906 678 1130 730 aequum
1205 668 1464 713 autumat
1529 660 1624 730 qui
1688 660 1849 730 petit.
1947 647 2135 730 Quare
2200 658 2306 713 nisi

684 747 965 801 mediator
1009 764 1207 816 parum
1256 746 1385 801 felix
1429 747 1592 802 valde
1633 748 1883 817 prudens
1925 747 2016 811 sit,
2060 746 2308 816 patietur

683 833 940 887 excidere
993 833 1098 885 sibi
1169 833 1394 886 aculeos
1444 830 1764 886 verborum*
1799 842 1895 886 aut
1949 834 2148 886 ambos
2198 833 2304 886 liti-

681 928 882 989 gantes
945 929 1042 974 aut
1107 920 1346 974 alterum
1412 920 1930 990 perstringentium,
1997 920 2158 991 quasi
2210 938 2306 990 pa-

682 1028 806 1062 rum
871 1007 1176 1079 placabiles
1240 1017 1295 1061 et
1354 1028 1574 1079 aequos:
1646 1009 1796 1062 unde
1861 1008 2000 1062 nihil
2063 1008 2309 1063 lucretur

683 1097 788 1151 nisi
842 1097 1034 1150 odium
1101 1097 1222 1165 ejus
1286 1114 1455 1166 quem
1520 1097 1800 1166 punxerit,
1855 1103 1910 1150 et
1967 1096 2112 1150 forte
2176 1113 2306 1150 con·

679 1190 963 1251 temptum
1009 1182 1326 1244 amborum,
1375 1181 1725 1250 deprehensa
1778 1181 2158 1236 conciliatoris
2205 1182 2306 1235 im-

679 1268 999 1337 prudentia,
1063 1284 1188 1320 sero
1241 1285 1300 1320 se
1352 1268 1786 1337 agnoscentium
1839 1268 1896 1319 in
1949 1268 2170 1321 delectu
2224 1286 2307 1320 ar-

679 1353 811 1406 bitri
851 1371 1085 1405 errasse.
1166 1354 1253 1405 Ne
1293 1352 1463 1421 igitur
1506 1361 1713 1421 praeter
1751 1352 1937 1406 oleum
1980 1361 2035 1406 et
2076 1370 2305 1422 operam

680 1441 854 1494 etiam
895 1440 1125 1493 alterius
1163 1440 1251 1492 vel
1293 1440 1585 1509 utriusque
1624 1440 2023 1492 dissidentium
2064 1440 2305 1508 gratiam

680 1526 950 1595 perdatiS,
1010 1525 1298 1578 conamini
1351 1525 1592 1595 patienti
1658 1525 2003 1578 exhibitione
2054 1526 2304 1595 benigni·

679 1613 833 1677 tatis,
887 1620 943 1667 et
995 1613 1261 1682 prudenti
1313 1612 1750 1666 honorificentia
1812 1613 2132 1678 verborum,
2191 1614 2305 1684 pla-

680 1708 840 1754 catos
868 1701 1069 1754 saltem
1110 1701 1310 1753 ambos
1342 1701 1503 1754 vobis
1542 1701 1960 1770 benevolosque
2000 1701 2305 1756 dimittere.

754 1790 835 1840 Ac
878 1787 934 1840 in
977 1788 1302 1841 universum
1350 1806 1467 1851 or0,
1514 1795 1574 1841 ut
1617 1787 1838 1841 collecti
1885 1788 2077 1841 animo
2123 1797 2305 1843 atten-

680 1876 837 1944 tique
893 1875 1212 1929 adhibeatis
1275 1892 1377 1928 vos
1441 1876 1499 1927 in
1563 1876 1720 1928 omni
1786 1893 1916 1929 cum
1981 1876 2307 1930 hominibus

681 1962 1112 2033 cujusquemodi
1151 1980 1477 2031 congreSSU,
1507 1980 1732 2032 semper
1769 1980 2051 2016 memores
2087 1970 2305 2032 specta·
2357 1989 2360 1990 ⁷

683 2050 870 2103 culum
918 2066 1022 2102 nos
1083 2048 1371 2117 expositos
1432 2049 1648 2101 mundo
1710 2048 1840 2101 huic
1888 2066 2151 2118 nequam,
2211 2050 2305 2102 ob-

682 2135 891 2190 servari
956 2135 1182 2189 assidue
1254 2135 1490 2189 intentis
1561 2135 1854 2189 obtutibus
1918 2135 2307 2205 exploratricis

683 2224 926 2289 invidiae,
974 2242 1040 2276 ac
1094 2241 1288 2293 pronae
1336 2223 1392 2274 in
1447 2222 1676 2276 sinistra
1722 2222 1938 2293 judicia
1989 2223 2306 2294 pravitatiS,

681 2328 912 2364 omnem
966 2327 1165 2363 ansam
1232 2310 1378 2363 male
1431 2310 1500 2363 de
1558 2310 1721 2363 nobis
1786 2310 2057 2378 opinandi
2111 2327 2177 2364 ac
2228 2311 2305 2364 lo-

681 2398 890 2469 quendi
935 2406 1149 2468 paratae
1213 2397 1477 2467 arripere,
1532 2406 1654 2451 tum
1719 2397 1947 2467 proprio
2012 2397 2304 2461 instinctu,

679 2494 802 2538 tum
849 2485 1215 2554 instigatione
1263 2484 1395 2537 mali
1442 2485 1738 2548 daemoniS,
1787 2485 2074 2554 irrequieti
2128 2484 2306 2538 nostri

681 2589 747 2625 ac
811 2571 1096 2639 pervigilis
1159 2571 1484 2625 adversarii.
1563 2572 1836 2640 Adeoque
1901 2572 1981 2626 sic
2038 2572 2306 2626 habetote

681 2658 829 2711 inter
873 2677 1073 2710 omnes
1119 2657 1516 2727 imprudentiae
1561 2657 1753 2726 lapsus
1805 2677 1927 2711 esse
1979 2657 2132 2711 illum
2186 2676 2305 2728 per-

683 2746 962 2800 niciosum
1026 2745 1288 2810 maxime,
1344 2745 1439 2815 qui
1492 2745 1639 2800 ultra
1691 2763 1942 2815 praesens
1994 2746 2305 2800 incommo-

682 2834 819 2885 dum
866 2851 1072 2885 noxam
1138 2832 1194 2884 in
1240 2840 1531 2901 posterum
1583 2832 1851 2885 luendam
1905 2832 2058 2886 serit.
2139 2831 2306 2901 Rapi-

683 2941 808 2976 mur
849 2922 1081 2985 scilicet,
1111 2930 1171 2975 ut
1211 2922 1376 2975 nobis
1416 2922 1645 2991 quidem
1684 2922 1960 2986 videmur,
1988 2921 2110 2976 zelo
2151 2938 2305 2975 mero

682 3008 887 3062 divinae
938 3008 1148 3077 gloriae,
1198 3009 1296 3061 sed
1350 3008 1444 3060 illo
1495 3024 1661 3061 cursu
1708 3007 1766 3060 in
1813 3015 2032 3061 rectum
2086 3008 2306 3061 intento

683 3095 898 3149 ruimus
910 3113 924 3166 ;
968 3103 1022 3156 et
1064 3094 1201 3155 nihil
1240 3094 1400 3171 pensi
1440 3093 1717 3149 habentes
1755 3093 1890 3165 quid
1931 3112 2170 3163 agamus
2208 3094 2304 3146 aut
