2665 3754
175 2370 184 2377 η.
206 2365 226 2377 <an

179 3114 185 3123 a
219 3114 241 3135 N·

743 310 850 363 402
1132 312 1317 353 LIBER
1360 310 1433 352 IX.
1457 330 1528 337 —·
1554 316 1846 355 EPISTOLA
1890 314 2004 356 XIV.

746 445 976 514 navigio
1035 449 1273 502 Pereriae
1337 468 1403 502 ex
1455 450 1562 503 hac
1615 468 1713 503 ora
1766 450 2016 503 redituro
2071 450 2378 507 Malacam:

747 534 842 585 ubi
901 535 1121 587 utinam
1168 547 1427 590 occurrat
1480 539 1536 590 in
1579 547 1836 607 tempore
1889 547 2021 592 ante
2068 537 2378 594 discessum

755 622 987 675 navium
1041 642 1168 693 quae
1223 625 1740 680 Choromandelem
1793 644 1988 680 versus
2041 634 2191 680 stata
2242 634 2380 681 tem-

748 717 971 779 pestate
1000 721 1413 767 consueverunt
1442 713 1572 767 inde
1601 713 1833 789 solvere.
1915 715 2044 767 Hoc
2077 713 2124 767 si
2158 730 2375 769 succes-

749 797 904 861 serit,
951 799 1212 867 poteritis
1258 801 1406 854 intra
1450 820 1705 855 mensem
1749 801 2019 854 Martium
2062 800 2263 855 Cocini
2308 802 2378 856 de

753 901 881 936 meo
928 885 1251 938 Cantonem
1298 887 1536 956 appulsu
1584 888 1853 940 certiores
1897 887 2036 940 fieri.
2113 888 2203 941 Ad
2249 905 2376 942 eam

750 990 873 1024 rem
913 974 1172 1042 expediet
1208 984 1265 1026 te
1297 975 1519 1027 Malaca
1553 976 1943 1027 discedentem
1982 976 2381 1029 commendare

754 1060 1061 1112 Vincentio
1106 1061 1317 1129 Viegae,
1364 1070 1426 1115 ut
1470 1062 1635 1115 simul
1678 1062 1963 1130 appulisse
2003 1062 2132 1115 illuc
2177 1079 2378 1130 cogno-

749 1144 893 1198 verit
926 1145 1117 1198 navim
1148 1147 1386 1200 Pereriae
1418 1148 1684 1201 reducem
1718 1168 1786 1200 ex
1818 1167 1916 1201 ora
1946 1147 2157 1212 Sinica,
2195 1150 2375 1217 requi-

752 1240 839 1285 rat
878 1232 1227 1303 recipiatque
1270 1235 1316 1287 si
1357 1254 1483 1304 quae
1526 1235 1584 1287 in
1623 1254 1688 1287 ea
1724 1235 1927 1288 litterae
1966 1253 2108 1288 meae
2152 1234 2374 1300 fuerint,

752 1336 960 1388 easque
989 1319 1539 1374 Choromandelensi
1575 1322 1666 1374 via
1701 1321 1906 1389 dirigat
1936 1321 2237 1375 Cocinum.
2295 1323 2379 1376 Ne

751 1414 962 1471 autem,
1009 1426 1137 1460 cum
1185 1407 1241 1460 in
1287 1407 1762 1461 Choromandelis
1805 1426 1963 1460 oram
2008 1407 2215 1461 fuerint
2258 1427 2378 1477 per-

749 1493 897 1558 latae,
939 1494 1015 1547 ibi
1057 1494 1432 1565 negligantur,
1473 1495 1791 1565 praesertim
1833 1494 1897 1559 si,
1940 1495 2092 1565 quod
2133 1512 2375 1564 pronum

752 1591 957 1638 eventu
1005 1592 1108 1648 est,
1158 1584 1269 1637 illic
1321 1593 1443 1638 tum
1498 1584 1641 1639 forte
1692 1583 1932 1638 defuerit
1985 1583 2379 1653 opportunitas

751 1669 1032 1724 ulterioris
1064 1671 1366 1725 maritimae
1393 1680 1657 1734 vecturae,
1686 1671 1966 1741 Jacobum
2002 1670 2188 1739 ipsum
2220 1672 2375 1725 Pere-

750 1756 891 1807 riam
920 1766 977 1808 te
1005 1759 1434 1826 praemunivisse
1471 1758 1771 1809 conveniet
1801 1766 2134 1825 matureque
2168 1776 2378 1818 orasse,

752 1851 813 1898 ut
853 1861 949 1898 eas
989 1844 1207 1900 litteras
1247 1862 1376 1899 cum
1414 1845 1529 1899 suis
1569 1846 1641 1898 ad
1681 1852 1737 1898 te
1776 1845 2076 1909 Cocinum,
2118 1845 2378 1915 expedito

750 1929 842 1983 via
887 1932 1139 1985 terrestri
1185 1931 1496 1994 tabellariO,
1548 1931 1772 1985 mittere
1819 1949 1891 1984 ne
1935 1937 2217 1999 gravetur.

825 2021 992 2087 Quod
1037 2029 1200 2071 tuum
1250 2020 1472 2071 Malaca
1520 2020 1832 2071 discessum
1882 2019 2107 2081 attinet,
2156 2017 2219 2069 in⁴
2261 2018 2379 2086 ejus

751 2104 1045 2171 procinctu
1112 2106 1482 2159 commendes
1547 2121 1753 2159 censeo
1818 2104 2125 2158 Vincentio
2191 2104 2378 2173 Viegae

752 2189 1186 2243 custodiendam
1226 2199 1348 2244 tum
1379 2191 1612 2244 domum
1648 2189 1758 2243 illic
1794 2189 2072 2243 urbanam
2107 2196 2376 2251 nostram,

753 2284 875 2330 tum
938 2280 1321 2332 suburbanam
1387 2279 1704 2342 aediculam,
1769 2296 1801 2330 a
1854 2278 2060 2331 sacello
2113 2278 2379 2346 adjuncto

756 2364 1021 2418 Dominae
1055 2372 1264 2418 nostrae
1302 2365 1565 2434 Deiparae
1598 2365 1790 2418 dicato
1824 2364 2200 2417 nominatam.
2243 2363 2377 2417 Ora-

753 2452 839 2506 bis
876 2471 1009 2524 ergo
1046 2471 1174 2507 eum
1215 2461 1276 2507 ut
1313 2471 1462 2507 curae
1499 2453 1886 2524 custodiaeque
1924 2471 2040 2506 suae
2080 2460 2378 2522 utrumque

751 2539 888 2594 illud
920 2542 1224 2596 Societatis
1259 2542 1610 2595 domicilium
1649 2541 1934 2595 committi
1970 2540 2238 2609 patiatur.
2302 2539 2379 2591 Ac

752 2647 822 2680 ne
880 2628 1024 2681 forte
1081 2649 1350 2698 processu
1408 2628 1684 2699 temporis
1741 2636 1838 2680 aut
1897 2627 2036 2696 ipse,
2104 2634 2201 2679 aut
2263 2624 2379 2694 ejus

752 2717 983 2771 nomine
1025 2718 1346 2785 quisquam,
1392 2717 1693 2785 quaesitum
1737 2717 1813 2769 illi
1850 2716 1945 2784 jus
1988 2716 2278 2784 quoddam
2322 2712 2376 2763 in

753 2801 877 2856 loca
909 2802 1002 2856 illa
1030 2803 1310 2872 opinetur,
1348 2804 1509 2857 trade
1549 2802 1607 2856 in
1645 2821 1878 2856 manum
1915 2801 2022 2870 ipsi
2063 2799 2379 2870 exemplum

758 2891 1103 2955 donationiS,
1139 2910 1251 2961 qua
1283 2891 1550 2943 dominus
1583 2890 1885 2959 episcopus
1923 2890 2075 2942 aedes
2109 2888 2232 2941 illas
2261 2887 2403 2957 jure.

756 2998 927 3048 quam
975 2980 1195 3048 optimo
1240 2979 1514 3033 Societati
1559 2981 1696 3050 Jesu
1744 2979 1800 3031 in
1846 2985 2187 3047 perpetuum
2234 2984 2379 3031 tran-

754 3066 1006 3136 scripsit3
1053 3066 1331 3136 simulque
1370 3065 1752 3137 syngrapham
1793 3065 1951 3134 exige
1993 3084 2104 3134 qua
2143 3064 2379 3118 Vincen-

2621 2736 2643 2789 I

2619 2842 2650 2874 0

2620 2913 2656 2965 S

2619 3018 2650 3052 u

2619 3106 2650 3139 v
