2712 3754
827 319 894 371 16
1233 330 1417 370 LIBER
1455 331 1943 370 VI.—-EP1sroLA
1984 333 2045 369 11.

827 465 1001 527 sitati‚
1057 474 1117 516 ut
1171 466 1317 533 grati
1369 465 1545 515 animi
1598 466 1842 517 officium
1892 485 2007 516 non
2069 473 2315 534 cogeret,
2377 464 2456 514 in-

826 551 1038 604 stinctu
1092 552 1384 604 communi
1432 552 1686 604 caritatis
1733 569 2058 605 succurrere
2102 550 2455 603 deberemus,
2512 603 2514 612 ,

901 637 988 690 Ea
1048 653 1200 690 nunc
1258 653 1374 704 prae
1433 636 1654 690 caeteris
1716 637 1907 705 inopia
1971 636 2231 690 laborant
2294 634 2457 689 Coci-

828 741 963 774 num
1062 730 1117 774 et
1199 721 1538 774 Bazainum.
1623 724 1767 776 Haec
1844 743 1935 775 me
2006 742 2178 776 causa
2249 721 2457 790 subigit

826 811 1105 880 imperare
1168 810 1290 873 tibi,
1358 811 1526 862 Pater
1578 811 1793 863 Antoni
1851 811 2107 874 Gomezi,
2152 810 2209 862 in
2250 810 2459 863 virtute

826 906 1041 948 sanctae
1104 896 1462 960 obedientiae,
1530 906 1590 948 ut
1655 915 1850 948 eorum
1914 898 2009 966 qui
2062 915 2091 949 e
2162 895 2460 948 Lusitania

824 985 1080 1052 proxime
1158 983 1381 1037 venturi
1467 990 1888 1051 exspectantur,
1967 983 2458 1043 concionatorum,

824 1090 1000 1125 unum
1071 1069 1375 1124 confestim
1450 1071 1783 1133 Bazainum,
1856 1071 2096 1124 alterum
2169 1070 2451 1124 Cocinum

828 1158 1106 1212 destines:
1189 1157 1415 1210 etiamsi
1497 1158 1609 1210 duo
1680 1165 1908 1210 tantum
1979 1158 2342 1219 advenerint3
2403 1164 2458 1210 et

825 1246 1073 1315 reliquus
1118 1251 1319 1313 postea
1366 1243 1549 1296 nullus
1596 1243 1668 1296 sit
1714 1251 1905 1296 vestro
1949 1243 2185 1314 collegio
2233 1245 2457 1307 Goano,

827 1349 959 1383 nam
1036 1332 1163 1383 istic
1241 1348 1336 1382 eas
1412 1338 1603 1398 partes
1666 1338 1728 1382 tu
1804 1331 2082 1383 sustinere
2139 1330 2344 1393 adhue,
2399 1337 2459 1383 ut

826 1416 1008 1471 fecisti
1080 1416 1378 1480 hactenUS,
1450 1416 1681 1485 poteris.
1761 1416 1906 1470 Vide
1978 1436 2047 1470 ne
2117 1436 2336 1471 moram
2401 1416 2458 1469 in

828 1503 936 1556 hoc
1008 1503 1342 1572 interponas
1396 1503 1587 1555 ullam.
1669 1504 1818 1554 Nam
1873 1511 2254 1573 praeterquam
2308 1503 2459 1573 quod

827 1609 894 1643 ex
962 1590 1139 1642 animi
1210 1590 1321 1642 mei
1391 1590 1675 1642 sententia
1746 1598 1800 1642 et
1873 1598 2028 1643 certo
2092 1591 2309 1661 judicio
2380 1591 2460 1643 sic

820 1679 1012 1747 jube0‚
1078 1678 1253 1730 etiam
1307 1678 1479 1729 fidem
1533 1678 1589 1728 in
1643 1677 1752 1729 hoc
1804 1696 1992 1729 meam
2039 1677 2316 1731 obstrinxi
2362 1678 2458 1731 do-

826 1764 983 1817 mino
1038 1764 1327 1832 episcopO,
1383 1764 1472 1816 cui
1527 1764 1740 1816 scribo:
1798 1783 1905 1826 me,
1962 1772 2023 1816 ut
2070 1764 2126 1816 id
2174 1765 2292 1827 fiat,
2341 1782 2458 1815 om-

826 1853 883 1903 ni
936 1851 1272 1920 exceptione
1324 1850 1671 1919 posthabita,
1729 1851 2051 1902 mandasse.
2133 1852 2289 1902 Deus
2344 1852 2457 1902 Do-

828 1939 1017 1992 minus
1081 1944 1276 1990 noster
1332 1953 1434 2004 pro
1487 1953 1589 1989 sua
1640 1936 1862 1990 infinita
1918 1936 2305 1990 misericordia
2358 1936 2458 1988 im-

825 2023 1033 2094 primat
1074 2023 1301 2092 penitus
1342 2023 1630 2075 mentibus
1677 2022 1886 2074 nostris
1932 2022 2143 2074 claram
2191 2023 2455 2076 notitiam

826 2130 943 2165 suae
997 2111 1374 2164 sanctissimae
1427 2110 1764 2172 voluntatis;
1821 2120 1876 2163 et
1930 2110 2097 2163 simul
2147 2110 2294 2163 vires
2348 2111 2455 2181 spi-

826 2199 1057 2252 rituales
1124 2198 1288 2249 nobis
1357 2197 1749 2249 subministret
1814 2198 1886 2249 ad
1948 2198 2001 2249 ei
2063 2198 2458 2266 obtemperan-

826 2287 981 2349 dum,
1056 2302 1171 2338 non
1245 2284 1450 2338 minori
1520 2282 1868 2353 perfectione
1938 2283 2213 2353 obsequii,
2287 2302 2458 2354 quam

827 2391 939 2442 qua
1001 2371 1077 2424 illi
1141 2371 1459 2424 obedivisse
1536 2370 1593 2424 in
1648 2379 1942 2424 momento
1996 2371 2196 2425 mortis
2249 2380 2458 2426 nostrae

827 2461 1224 2530 gauderemus.

903 2545 1158 2614 Exposui
1225 2545 1386 2599 vobis
1453 2545 1679 2613 scriptis
1748 2545 1968 2599 Cocino
2032 2545 2235 2600 litteris
2287 2564 2457 2614 quam

829 2630 1214 2684 necessarium
1284 2630 1355 2682 sit
1423 2629 1697 2695 assignari
1763 2629 1965 2682 Colani
2030 2630 2306 2683 Societati
2364 2631 2460 2683 do-

829 2737 1005 2780 mum,
1070 2719 1127 2768 in
1188 2736 1358 2786 quam
1413 2717 1662 2785 recipere
1715 2736 1774 2769 se
1826 2717 2066 2786 possint,
2122 2727 2177 2771 et
2232 2737 2300 2770 ex
2351 2738 2462 2788 qua

827 2805 1054 2872 prodire
1120 2812 1312 2871 patres
1374 2804 1553 2855 nostri
1619 2804 1713 2871 qui
1776 2804 2100 2856 excolendis
2151 2823 2252 2872 per
2304 2824 2461 2858 oram

830 2889 1306 2944 Comorinensem
1378 2888 1701 2942 christianis
1773 2889 2074 2944 insudant:
2156 2891 2214 2943 in
2290 2911 2462 2961 quam

829 2978 1004 3031 etiam
1084 2976 1416 3045 congregari
1494 2976 1880 3040 seminarium,
1960 2985 2015 3030 et
2094 2978 2189 3030 ubi
2268 2978 2462 3032 schola

830 3064 1051 3118 institui
1108 3081 1412 3132 puerorum
1467 3063 1613 3116 illius
1663 3071 1881 3116 tractus
1943 3063 2155 3125 valeat;
2212 3081 2337 3133 quo-
2369 3065 2461 3118 de-
