2639 3798
767 359 951 399 LIBER
991 359 1092 396 Vn.
1117 360 1503 396 —EPISTOLA
1546 360 1582 395 1.
1922 346 1991 411 87

364 501 459 547 aut
504 491 772 545 virtutem
828 509 989 544 suam
1042 492 1306 555 exerceri,
1355 500 1452 544 aut
1499 492 1637 544 vitia
1682 502 1737 544 et
1786 492 1992 543 delicta

364 580 570 651 expiari
587 599 599 643 ;
695 580 771 632 ita
837 578 922 631 vel
1000 578 1182 630 meriti
1266 578 1652 631 accessionem
1720 578 1838 632 fieri
1905 578 1990 631 vel

363 667 716 721 humilitatis
797 669 985 736 Quare
1048 668 1270 719 debitas
1335 669 1458 719 Deo
1511 686 1614 734 pro
1665 664 1845 719 tantis
1897 666 1990 719 be-

366 754 579 808 neficiis
642 754 855 822 gratias
931 763 1124 822 agunt,
1180 772 1245 807 ac
1299 772 1368 806 ne
1422 754 1489 807 iis
1543 754 1637 823 qui
1692 755 1991 817 materiam

365 843 467 895 sibi
535 843 673 893 dant
740 841 964 894 virtutis
1016 859 1081 892 ac
1150 840 1512 909 praemiorum
1581 840 1788 909 ingrati
1856 841 1988 904 sint,

363 926 599 981 summis
637 927 899 995 precibus
938 944 1139 996 pacem
1181 928 1395 980 eisdem
1424 946 1457 979 a
1494 929 1617 979 Deo
1657 945 1724 978 ac
1763 927 1990 978 veniam

364 1022 544 1070 orant.
622 1013 791 1065 Tales
848 1032 953 1082 ego
1004 1031 1122 1075 vos,
1180 1015 1303 1067 Deo
1355 1016 1499 1068 bene
1546 1015 1801 1082 juvante,
1857 1031 2017 1066 con--

364 1102 475 1156 fido
517 1101 754 1155 futuros.

435 1187 715 1255 Equidem
783 1188 1075 1241 hominem
1142 1190 1288 1252 novi,
1354 1190 1466 1257 qui,
1523 1207 1651 1239 cum
1705 1187 1877 1241 etiam
1934 1186 1990 1240 in

362 1274 497 1344 ipsis
540 1273 803 1342 periculis
848 1291 1076 1326 omnem
1125 1274 1182 1327 in
1231 1275 1356 1328 Deo
1403 1292 1562 1343 spem
1611 1291 1677 1327 ac
1719 1275 1987 1327 fiduciam

363 1362 567 1414 habere
607 1369 955 1423 consuesset,
997 1360 1323 1414 coelestibus
1362 1361 1545 1424 doniS,
1588 1379 1715 1430 quae
1755 1361 1988 1429 longum

362 1455 506 1500 esset
559 1464 910 1515 percensere,
966 1447 1104 1499 mire
1157 1447 1479 1500 cumulatus
1531 1455 1635 1500 est.
1717 1449 1794 1501 Et
1848 1465 1985 1516 quo·

363 1533 513 1586 niam
559 1532 887 1586 discrimina
929 1533 1083 1585 adita
1126 1533 1403 1586 adeundis
1443 1533 1654 1586 leviora
1700 1534 1988 1586 censenda

364 1626 510 1681 sunt,
554 1626 823 1670 venturos
851 1618 907 1669 in
943 1619 1249 1688 Japoniam
1292 1636 1392 1686 per
1431 1621 1629 1689 Jesum
1674 1637 1775 1672 oro
1816 1628 1988 1689 atque

363 1704 629 1766 obtestor,
696 1712 754 1756 ut
807 1705 879 1756 ad
934 1722 1157 1755 summa
1210 1722 1268 1755 se
1321 1713 1674 1772 comparent,
1744 1723 1989 1774 suasque

362 1792 717 1862 cupiditateS‚
760 1810 886 1862 quae
928 1800 1152 1845 tantum
1199 1792 1412 1845 bonum
1459 1793 1796 1862 impediunt,
1841 1792 1988 1847 fran-

362 1887 495 1947 gant
524 1898 589 1933 ac
618 1880 871 1934 doment.
951 1879 1243 1933 Attendite
1283 1879 1462 1943 vobiS,
1508 1880 1739 1932 Fratres
1779 1879 1989 1934 charis-

364 1967 515 2021 simi!
580 1965 743 2019 Multi
791 1965 940 2018 enim
989 1984 1140 2018 nunc
1186 1967 1337 2035 apud
1385 1966 1594 2020 inferos
1645 1969 1987 2032 cruciantur,

365 2052 457 2121 qui
508 2072 637 2107 cum
701 2053 816 2107 suis
878 2055 1236 2107 sermonibus
1298 2055 1518 2107 aditum
1572 2055 1643 2107 ad
1698 2054 1990 2108 coelestem

361 2141 770 2195 beatitudinem
825 2141 1019 2195 multis
1070 2141 1413 2211 aperuerint,
1468 2142 1593 2211 ipsi,
1642 2143 1795 2211 quod
1848 2141 1988 2196 falsa

362 2226 653 2299 fallacique
687 2230 772 2283 sui
806 2230 1072 2300 opinione
1109 2230 1306 2293 inflati,
1341 2248 1612 2299 germana
1647 2229 1825 2283 animi
1862 2228 1989 2283 sub-

364 2314 628 2368 missione
692 2325 978 2379 vacarent,
1033 2318 1104 2370 ad
1164 2318 1540 2386 sempiternas
1604 2316 1727 2369 illas
1790 2335 1992 2387 poenas

364 2410 491 2455 sunt
555 2404 823 2456 devoluti.
904 2405 1090 2455 Nemo
1152 2411 1342 2455 autem
1409 2403 1647 2457 omnino
1700 2411 1785 2457 est
1839 2406 1989 2473 apud

363 2485 568 2540 inferos
632 2508 846 2554 eorum,
915 2492 1028 2559 qui,
1096 2508 1224 2543 cum
1290 2490 1457 2559 hujus
1526 2490 1657 2543 vitae
1722 2488 1990 2542 aerumnis

364 2573 780 2641 afflictarentur,
829 2577 883 2631 id
933 2584 1166 2647 egerunt
1211 2585 1271 2630 ut
1318 2577 1584 2630 interiore
1628 2575 1720 2628 illa
1765 2574 1986 2628 humili-

363 2666 478 2713 tate
523 2663 778 2717 animum
827 2665 1113 2718 munirent
1160 2683 1345 2718 suum.

435 2748 784 2803 Mementote
830 2770 1054 2818 semper
1099 2751 1249 2804 illam
1296 2751 1543 2805 coelestis
1589 2749 1847 2819 Magistri
1889 2768 1984 2801 vo-

363 2849 511 2887 cem:
572 2838 714 2906 Quid
756 2839 964 2908 prodest
1015 2838 1232 2900 homini,
1286 2837 1332 2890 si
1383 2837 1679 2891 universum
1734 2837 1985 2889 mundum

361 2917 595 2984 lucretur,
656 2925 846 2977 cmimae
911 2944 1026 2977 vcro
1083 2944 1186 2977 suae
1242 2926 1604 2976 detrimentmn
1664 2923 1939 2993 patiatur?
1971 2931 1983 2953 ¹

364 3004 570 3059 Cavete
635 3028 705 3062 ne
771 3030 942 3079 quam
1008 3010 1179 3064 vestri
1244 3010 1508 3063 fiduciam
1585 3009 1863 3071 habeatiS,
1931 3018 1985 3059 et

441 3138 469 3167 l.
505 3138 643 3171 Matth.
671 3142 770 3176 XVI,
796 3144 849 3178 26,

2492 2419 2497 2426 2
2523 2417 2540 2425 Α

2488 2428 2541 2447 ²³1
