2639 3798
559 363 742 402 LIBER
780 363 905 401 VIII.
927 378 998 385 ·-·-
1019 363 1312 402 EPISTOLA
1349 363 1501 402 XXVI.
1741 362 1845 415 349

227 499 394 557 stulta
426 507 482 553 et
523 499 733 569 injusta
774 499 1158 555 misericordia
1197 501 1264 554 iis
1291 500 1585 570 indulgeas
1625 506 1686 553 ut
1718 515 1842 569 par·

225 600 337 646 tem
390 587 743 653 subtrahant,
798 590 949 659 quod
1003 589 1166 642 annis
1217 588 1522 659 praeteritis
1586 585 1841 640 evenisse

226 694 335 732 non
377 675 551 729 semel
593 676 822 741 scimuS,
866 677 1308 746 flagitiosissima
1351 675 1720 746 negligentia:
1778 691 1845 726 ex

225 783 331 835 qua
383 763 595 817 scilicet
648 772 1016 818 consecutum
1079 773 1164 818 est
1216 773 1277 818 ut
1329 765 1385 817 in
1442 760 1841 817 Promontorio
1894 821 1896 823 ,

228 839 639 912 Comorinensi,
686 850 906 913 Colani,
943 859 1005 904 'et
1051 851 1249 904 C'ocini
1293 850 1472 904 multa
1513 849 1607 918 pia
1652 866 1841 917 opera,

225 941 291 993 ad
345 956 614 1006 magnum
676 937 920 991 fructum
981 939 1300 991 animarum
1353 937 1633 999 instituta,
1688 943 1743 988 et
1796 933 1842 987 si

224 1024 686 1078 continuarentur
736 1023 1072 1092 profectura,
1136 1025 1552 1085 omitterentur,
1616 1021 1840 1075 defectu

225 1109 454 1164 subsidii
509 1112 634 1164 Goa
679 1109 788 1163 illic
834 1110 1163 1180 exspectati,
1212 1111 1381 1181 quod,
1426 1117 1660 1179 propter
1704 1108 1842 1161 istas

225 1198 646 1266 intempestivas
703 1198 1064 1252 remissiones
1130 1198 1474 1268 exigentium
1541 1195 1839 1266 vectigalia

224 1283 433 1353 collegii
487 1284 692 1347 Goani,
740 1304 807 1337 ex
858 1303 971 1354 quo
1023 1284 1128 1338 illae
1180 1285 1303 1338 aliae
1356 1284 1518 1338 sedes
1569 1283 1838 1352 pendent,

224 1371 562 1441 suppeditari
603 1372 876 1442 nequiret.
955 1372 1234 1442 Quocirca
1273 1381 1395 1426 tum
1434 1382 1498 1425 tu
1537 1390 1638 1442 per
1665 1379 1722 1424 te
1754 1370 1836 1423 in-

222 1458 399 1527 vigila,
443 1466 565 1512 tum
614 1459 768 1513 omni
811 1460 1028 1514 ratione
1073 1478 1207 1514 cura
1248 1468 1308 1514 ut
1352 1468 1685 1529 procurator
1726 1459 1835 1514 col-

223 1544 342 1613 legii
389 1544 623 1619 minime
669 1545 940 1599 dissolute
988 1565 1047 1599 se
1088 1554 1244 1614 gerat
1288 1546 1345 1599 in
1388 1546 1712 1615 repetendis
1755 1545 1836 1599 in-

224 1644 370 1703 tegre
417 1634 640 1698 debitis,
697 1636 908 1685 damno
969 1653 1083 1685 suae
1131 1635 1495 1686 conscientiae
1549 1633 1839 1702 divinique

224 1719 470 1788 obsequii
513 1720 764 1775 avaritiae
807 1720 1102 1774 hominum
1146 1721 1491 1789 gratificans

291 1806 441 1860 Patri
494 1800 744 1861 Antonio
804 1807 1068 1861 Herediae
1128 1806 1447 1861 necessario
1501 1806 1835 1861 subvenien-

223 1897 348 1947 dum
402 1904 506 1948 est.
587 1881 812 1967 Hyeme
859 1904 1165 1960 transacta,
1220 1916 1345 1966 quae
1397 1896 1582 1965 prima
1628 1916 1687 1947 se
1741 1896 1862 1946 de-v

223 1981 358 2035 derit
405 1981 647 2045 occasi0‚
696 1981 783 2036 fac
828 1982 878 2035 ei
925 1983 1208 2036 Cocinum
1255 1990 1408 2037 recte
1456 1999 1617 2037 cures
1664 1983 1842 2037 subsi-

223 2067 368 2121 dium
422 2069 796 2122 ducentorum
849 2069 1262 2139 quinquaginta
1317 2069 1405 2122 vel
1455 2076 1840 2138 trecentorum

215 2154 544 2221 pardaorum.
625 2157 712 2208 Ea
757 2172 981 2208 summa
1030 2156 1296 2223 praesenti
1343 2172 1564 2209 summe
1616 2156 1832 2225 indiget

222 2240 287 2293 ad
329 2241 734 2309 perficiendum
783 2242 988 2294 aedium
1032 2249 1274 2310 septum,
1319 2249 1374 2295 et
1417 2243 1680 2311 quaedam
1726 2241 1836 2295 alia

223 2327 625 2394 urgentissimae
678 2328 1050 2390 necessitatiS‚
1094 2346 1161 2380 ac
1207 2329 1328 2380 sine
1373 2328 1577 2396 quibus
1623 2328 1836 2380 familia

224 2410 324 2465 illic
365 2414 545 2467 teneri
588 2414 781 2483 nequit
825 2422 922 2467 aut
956 2414 1191 2467 omnino
1233 2414 1494 2477 habitari,
1540 2414 1834 2468 absolven-

226 2497 306 2550 da.
388 2499 703 2553 Miserrime
754 2500 961 2569 quippe
1004 2499 1296 2563 hactenUS,
1348 2507 1519 2569 atque
1572 2500 1716 2553 adeo
1757 2499 1838 2553 in-

224 2584 580 2640 tolerabiliter
630 2587 992 2640 incommode
1038 2586 1394 2640 diversantur
1436 2586 1616 2639 nostri
1660 2594 1838 2640 exter-

227 2670 386 2740 nique
414 2673 731 2728 domestici.

289 2760 374 2814 Ne
416 2780 548 2815 vero
593 2761 715 2815 haec
761 2761 953 2831 legens
999 2761 1284 2814 arbitreris
1331 2779 1438 2824 me,
1487 2761 1625 2813 dum
1675 2761 1838 2833 Cola-

224 2847 373 2900 nensi
426 2848 661 2917 collegio
714 2848 965 2910 consu10,
1023 2848 1209 2902 Goani
1261 2847 1651 2916 angustiarum
1698 2848 1833 2901 obli-

223 2937 362 2997 tum3
420 2936 672 2999 memini,
729 2954 799 2988 ne
851 2934 1065 2998 dubita,
1120 2943 1175 2988 et
1229 2935 1414 2987 sciens
1465 2934 1681 2997 recolo;
1738 2936 1837 2988 sed

225 3022 562 3091 comparatis
601 3022 882 3085 omnibUS,
911 3029 1105 3075 tamen
1136 3021 1330 3090 judico
1369 3020 1536 3089 plane
1575 3028 1851 3089 oportere-

226 3114 465 3162 extreme
504 3109 894 3163 laborantibus
933 3108 1181 3162 succurri
1225 3108 1534 3162 Fratribus.
1617 3109 1838 3162 Idcirco
