2649 3754
626 354 731 407 162
1015 367 1202 404 LIBER
1239 366 1345 404 vn.
1367 382 1440 390 —
1460 365 1756 404 EPIs’roLA
1796 366 1872 404 1x.

622 506 847 573 caput‚)
903 504 1172 573 praesidio
1225 503 1424 572 reliqui
1490 502 1957 571 Amangucianis,
2018 521 2261 572 quorum

619 592 849 663 plurimi
889 593 1011 663 jam
1059 593 1131 646 ad
1181 591 1397 646 Christi
1443 592 1616 645 fidem
1664 600 2048 656 accesserunt,
2099 590 2262 644 multi

620 681 796 734 etiam
840 682 1121 734 accedunt
1165 681 1222 732 in
1266 681 1406 733 dies,

678 768 939 838 ‘Reliqua
1003 786 1197 823 coram
1260 768 1424 823 vobis
1489 786 1791 838 exponam.
1890 770 2259 838 Comparate,

620 875 833 925 quaeSO,
879 855 1092 926 aliquid
1136 855 1301 909 nobis
1339 875 1407 909 ex
1444 855 1513 909 iis
1551 876 1678 925 quae
1717 864 1850 909 sunt
1890 856 1962 909 ad
1999 856 2260 909 Indicam

620 945 1049 1013 navigationem
1097 944 1420 996 necessaria
1435 963 1447 1006 ;
1501 952 1557 996 et
1604 944 1771 996 simul
1818 952 2012 996 curate
2054 952 2116 996 ut
2160 944 2259 995 ali-

619 1050 732 1100 qua
779 1050 847 1084 ex
895 1031 1109 1083 Indicis
1162 1031 1401 1083 navibus
1448 1039 1708 1083 nostrum
1754 1031 2118 1100 praestoletur
2163 1033 2258 1084 ad-

617 1126 874 1173 ventum.
956 1118 1259 1187 Permagni
1313 1118 1465 1171 enim
1519 1117 1687 1171 refert
1741 1119 1814 1171 ad
1868 1118 2084 1172 Christi
2142 1120 2258 1172 Do-

620 1206 759 1260 mini
802 1205 1040 1276 gloriam
1086 1205 1443 1275 salutemque
1487 1206 1827 1270 animarum,
1858 1225 1960 1277 *me
1997 1206 2260 1275 protinus

618 1293 789 1348 istinc
854 1293 913 1346 in
982 1292 1210 1345 Indiam
1275 1311 1526 1362 pergere.
1632 1293 1917 1364 Joannem
1986 1293 2259 1346 Bravium

619 1400 750 1433 cum
794 1380 1085 1449 responsis
1128 1381 1200 1433 ad
1245 1399 1373 1432 mea
1416 1380 1693 1432 mandata
1735 1379 1846 1433 huc
1884 1381 1956 1433 ad
1995 1400 2087 1433 me
2131 1381 2259 1434 mit-

616 1467 722 1520 tite
762 1468 1208 1535 quamprimum.
1291 1470 1427 1519 Mox
1467 1486 1572 1535 ego
1611 1468 1774 1518 vobis
1814 1486 1902 1519 res
1946 1470 2261 1539 Japonicas

620 1554 1107 1618 commemorabO,
1171 1571 1314 1624 quas
1375 1554 1732 1623 gratissimas
1784 1555 2259 1624 jucundissimas-

618 1660 728 1710 que
781 1641 899 1695 fore
953 1649 1111 1694 certo
1159 1641 1297 1694 scio,
1379 1643 1493 1694 Sed
1546 1642 1828 1694 haetenus
1884 1644 2042 1695 Deus
2095 1644 2260 1697 nobis

618 1726 768 1781 adsit
822 1726 1115 1780 omnibus!
1167 1728 1372 1780 Amen.

690 1815 861 1866 Anno
912 1822 1044 1883 post
1104 1814 1400 1867 Christum
1455 1823 1654 1867 natum
1712 1817 1940 1868 MDLI.
1995 1836 2063 1869 ex
2115 1817 2260 1870 freto

619 1904 1055 1971 Syncapurano.

1779 2049 2184 2103 FRANCISCUs.
