2649 3754
688 474 792 527 214
1079 473 1262 509 LIBER
1304 473 1432 508 VIII.
1456 487 1527 491 “-
1551 472 1844 508 EPISTOLA
1885 471 1938 506 V.

682 611 938 672 trahunt,
981 619 1077 662 aut
1124 612 1312 678 potius
1352 614 1702 677 exspectant.
1773 610 1993 676 Saepius
2031 610 2182 659 enim
2226 611 2323 659 mi-

685 697 794 751 seri
837 696 1129 764 postulant
1169 715 1338 764 quam
1371 696 1700 764 impetrant,
1732 703 1788 748 et
1828 695 2157 763 plerumque
2196 712 2324 747 con-

687 784 889 836 flictari
944 783 1113 850 longa
1167 783 1359 850 inopia
1413 791 1717 850 coguntur:
1777 782 1928 849 quod
1985 800 2074 833 me
2127 780 2326 834 intime

686 871 980 922 conscium
1057 870 1309 937 ipsorum
1388 871 1659 936 egestatis
1724 870 1954 936 penitus
2019 869 2323 920 excruciat.

690 958 818 1008 Etsi
860 958 1031 1019 enim,
1058 959 1176 1024 >pro
1218 975 1318 1006 sua
1359 966 1565 1007 caetera
1615 957 2022 1018 munificentia,
2066 974 2161 1005 rex
2200 973 2324 1022 pro—

688 1044 810 1114 pria
839 1043 946 1096 illis
976 1043 1257 1112 quaepiam
1291 1044 1542 1096 subsidia
1582 1044 1850 1106 decrevit,
1891 1050 2087 1095 tamen
2118 1059 2182 1093 ea
2213 1041 2325 1094 fere

687 1149 804 1184 non
847 1130 1160 1192 solvuntur,
1218 1131 1288 1182 ob
1350 1131 1711 1183 difficultates
1773 1130 1972 1192 aerarii,
2041 1129 2324 1182 fiscalibus

685 1219 948 1269 censibus
992 1236 1092 1283 per
1135 1217 1260 1268 illos
1297 1226 1515 1268 tractus
1557 1217 1802 1283 maligne
1841 1215 2322 1283 provenientibus.

688 1306 972 1373 Quocirca
1016 1322 1243 1370 aequum
1288 1323 1495 1354 censeo
1524 1313 1579 1353 te
1624 1304 1703 1353 sic
1748 1322 1813 1352 ex
1852 1303 1978 1353 istic
2021 1287 2322 1369 perceptis,

681 1398 779 1443 aut
820 1390 1200 1458 percipiendis
1238 1391 1442 1440 annuis
1480 1390 1772 1451 reditibus,
1805 1397 2097 1456 sumptum
2138 1388 2320 1439 facere

685 1475 742 1525 in
785 1481 1111 1525 nostrorum
1155 1475 1249 1541 qui
1290 1481 1482 1525 tecum
1523 1475 1720 1525 vivunt
1762 1475 2034 1524 alimenta
2075 1481 2130 1524 et
2159 1474 2323 1523 vesti-

685 1569 827 1623 tum,
895 1567 955 1611 ut
1020 1559 1167 1611 ultra
1235 1578 1449 1610 meram
1521 1560 1924 1611 necessitatem
1979 1549 2034 1609 in
2089 1575 2155 1610 eo
2209 1576 2322 1609 non

683 1648 956 1716 prodeas:
1017 1648 1114 1696 sed
1164 1651 1292 1714 (per
1341 1648 1447 1697 Dei
1496 1647 1831 1714 obsequium
1881 1655 1935 1696 et
1984 1645 2321 1695 charitatem

683 1751 782 1785 oro
829 1737 917 1795 te)
969 1741 1197 1800 reputes
1251 1751 1422 1800 quam
1472 1751 1587 1784 non
1643 1734 1713 1784 sit
1768 1741 2219 1783 consentaneum
2268 1740 2322 1782 te

682 1829 737 1873 et
784 1828 932 1883 tuOS,
984 1820 1133 1888 quod
1191 1819 1335 1873 fonti
1389 1820 1709 1883 assideatiS,
1760 1821 2079 1872 redundare
2134 1837 2321 1887 super-

682 1907 828 1969 fluis,
885 1907 1019 1959 dum
1084 1908 1313 1959 Fratres
1366 1907 1556 1969 vestri,
1613 1907 1882 1975 quoniam
1939 1906 2132 1975 procul
2188 1925 2321 1974 pon-

683 1995 788 2046 dus
842 1993 1028 2045 ferunt
1078 2003 1250 2045 aestus
1305 2002 1359 2046 et
1409 1994 1537 2056 diei,
1594 2005 1904 2061 utcumque
1958 1994 2212 2045 indidem
2267 2012 2320 2044 a·

682 2081 897 2149 quandi
946 2081 1039 2148 jus
1093 2080 1362 2141 habeant,
1421 2081 1649 2132 miseria
1696 2091 1748 2132 et
1799 2080 2060 2148 squalore
2125 2098 2320 2131 conse-

686 2184 936 2219 nescere.
2039 2232 2041 2234 ι

757 2255 874 2305 Fac
922 2253 1109 2321 igitur,
1160 2255 1397 2306 obsecro
1443 2263 1518 2316 te,
1568 2262 1848 2322 quantum
1898 2271 1985 2305 res
2032 2254 2203 2305 etiam
2251 2254 2319 2305 ad

682 2340 872 2392 vivum
921 2341 1233 2392 resecando
1305 2341 1518 2408 poteris
1572 2341 1863 2409 consequi,
1915 2348 1974 2393 ut
2023 2341 2320 2409 quamplu-
2387 2352 2390 2356 '

681 2427 889 2477 rimum
948 2446 1015 2477 ex
1080 2446 1182 2477 usu
1250 2437 1439 2478 vestro
1506 2428 1669 2479 istius
1735 2429 1991 2494 pecuniae
2058 2428 2320 2495 supersit,

682 2515 836 2583 quod
884 2523 1204 2583 opportune
1252 2515 1650 2565 subministres
1701 2515 1888 2566 Goani
1943 2515 2111 2583 hujus
2165 2533 2321 2566 cura-

681 2601 901 2652 toribus
954 2600 1192 2668 collegii,
1250 2602 1400 2652 unde
1464 2602 1569 2669 ipsi
1635 2602 1973 2652 subveniant
2031 2603 2213 2652 Sociis
2267 2602 2321 2652 in

682 2687 997 2739 Comorino
1038 2688 1452 2754 promontoriO,
1497 2688 1697 2740 Colani
1742 2696 1796 2740 et
1840 2689 2040 2740 Cocini
2084 2706 2320 2752 regnum

683 2772 791 2826 Dei
845 2774 1318 2839 promoventibus
1366 2780 1576 2827 conatu
1625 2782 1679 2827 et
1729 2791 1984 2826 aerumna
2040 2774 2320 2826 maximis,

683 2860 838 2925 Ergo
893 2859 937 2909 si
993 2859 1153 2925 cujus
1217 2859 1343 2910 istic
1398 2858 1625 2911 fabricae
1691 2858 1993 2911 moliendae
2049 2858 2322 2925 cogitatio

679 2956 966 3007 nascatur,
1023 2966 1159 2996 cave
1214 2947 1509 3014 suscipias,
1577 2947 1682 2996 nisi
1737 2947 1904 3013 plane
1969 2946 2322 3014 perspexeris

681 3033 1087 3083 inevitabiliter
1130 3036 1530 3083 necessariam.

757 3121 1038 3171 Praeterea
1093 3121 1148 3170 in
1208 3121 1546 3188 quotidiano
1607 3122 1756 3172 victu
1817 3130 1934 3183 tuo,
1997 3129 2320 3174 nostrorum

682 3214 736 3259 et
779 3206 1138 3269 alumnorum
1184 3208 1491 3268 seminarii,
1538 3208 1918 3275 frugalitatem
1962 3209 2188 3270 adhibe,
2232 3208 2319 3268 cui
