2665 3754
783 335 892 387 400
1171 333 1355 370 LIBER
1396 332 1471 369 IX.
1494 348 1566 354 --
1588 330 1882 369 EPISTOLA
1926 329 2041 368 XIV.

861 472 980 522 Vos
1016 479 1208 522 autem
1251 470 1448 522 hortor
1493 470 1801 532 aniverso&
1844 476 1905 520 ut
1945 485 2049 536 pro
2084 465 2228 519 virili
2263 471 2415 522 anni-

780 556 987 612 tamini
1027 557 1097 611 de
1134 556 1244 611 hoc
1281 557 1404 610 viro
1442 574 1614 625 quam
1653 556 1869 624 optime
1907 554 2128 619 mereri,
2167 554 2414 610 ubicum-

780 660 891 713 que
936 662 1037 712 per
1082 644 1311 696 Indiam
1362 643 1504 713 opiS,
1553 643 1739 706 officii,
1784 641 2045 695 auxiliive
2088 641 2195 710 ipsi
2238 642 2415 711 cujus-

780 732 935 800 piam
982 732 1350 800 impendendi
1404 749 1526 785 sese
1574 731 1842 785 obtulerit
1890 730 2143 793 occasi03
2193 730 2417 799 arripite

781 817 945 871 avide
1003 836 1174 871 ansas
1226 836 1428 872 omnes
1486 818 1608 887 ejus
1661 836 1833 871 causa
1885 835 2073 886 operae
2128 817 2415 883 navandae,

783 923 889 960 nec
941 906 1298 960 contentioni
1354 905 1411 958 in
1465 906 1574 959 hoc
1630 905 1725 959 ulli
1778 905 2012 975 parcite.
2094 905 2415 975 Nunquam,

779 993 869 1046 vel
909 1000 1164 1046 extremo
1205 1001 1414 1047 conatu
1459 994 1856 1063 conspirantes
1900 1001 2210 1062 utcumque
2257 993 2417 1048 simul

782 1098 1001 1145 omneS,
1043 1080 1360 1133 valebimus
1401 1082 1713 1151 rependere
1751 1081 1840 1134 vel
1880 1080 1989 1134 hoc
2031 1080 2294 1134 ultimum
2330 1080 2416 1134 be-

782 1167 1049 1220 neficium
1079 1167 1453 1230 redimendae,
1483 1176 1646 1220 tanta
1676 1187 1777 1220 sua
1810 1168 2087 1235 impensa,
2117 1175 2238 1220 tam
2272 1168 2417 1221 utilis

783 1254 856 1308 ad
907 1254 1384 1322 propagationem
1441 1262 1652 1309 nostrae
1707 1262 1923 1308 sanctae
1975 1253 2126 1317 fidei,
2171 1254 2417 1309 introdu-

783 1339 990 1394 ctionis
1042 1348 1254 1393 nostrae
1318 1341 1376 1393 in
1432 1341 1699 1394 Sinarum
1754 1359 2009 1410 regnum,
2073 1348 2193 1393 tam
2247 1340 2414 1409 impe-

784 1427 1135 1483 netrabiliter
1162 1427 1441 1483 hactenus
1471 1428 1785 1499 Evangelio
1814 1428 2087 1483 clausum.
2139 1429 2247 1482 Per
2274 1427 2416 1483 hanc

783 1514 994 1585 quippe
1030 1514 1266 1569 habebit
1298 1516 1558 1570 Societas
1590 1518 1728 1588 Jesu
1766 1535 1937 1586 quam
1974 1515 2123 1570 votis
2161 1515 2418 1569 omnibus

784 1611 1017 1673 exoptat
1059 1602 1391 1658 facultatem
1433 1604 1716 1658 dilatandi
1750 1604 1908 1674 regni
1949 1602 2184 1667 Christi,
2226 1603 2415 1673 adjun-

783 1691 985 1760 gendis
1018 1692 1292 1745 Ecclesiae
1326 1700 1413 1746 tot
1449 1692 1556 1746 illis
1590 1692 1813 1760 imperii
1840 1691 2150 1745 vastissimi
2183 1690 2415 1760 populis,

789 1780 866 1831 Et
908 1778 1173 1832 videlicet
1226 1783 1318 1843 (ut
1358 1780 1485 1849 jure
1529 1779 1822 1848 principiis
1867 1796 2200 1848 progressus
2246 1777 2416 1847 impu-

784 1869 1010 1928 tantur)
1054 1873 1244 1919 totum
1287 1866 1423 1920 illud
1465 1867 1694 1920 debebit
1737 1865 2133 1919 beneficentiae
2176 1865 2419 1919 hominis

786 1951 952 2005 unius
977 1952 1178 2022 Jacobi
1212 1953 1469 2017 Pereriae,
1500 1952 1596 2023 qui
1633 1972 1663 2005 e
1696 1971 1756 2004 re
1783 1971 1885 2004 sua
1912 1951 2134 2021 privata
2162 1959 2417 2021 sumptus

786 2056 987 2091 omnes
1035 2039 1378 2107 suggesserit
1432 2039 1652 2092 itineris
1699 2039 1868 2107 hujus
1916 2038 2027 2091 mei
2080 2039 2152 2091 ad
2199 2045 2415 2091 tantam

788 2141 907 2176 rem
954 2124 1369 2192 auspicandam
1417 2124 1740 2178 necessarii.

861 2209 1098 2263 Rescias
1131 2230 1197 2264 ex
1229 2211 1354 2280 ipso
1381 2211 1569 2274 velim,
1600 2210 1805 2280 ecquid
1841 2229 1900 2263 se
1934 2211 2185 2264 confidat
2214 2209 2413 2263 elucta-

786 2303 977 2351 turum
1027 2296 1323 2350 obstacula
1372 2296 1691 2366 legationiS,
1736 2304 1791 2351 et
1838 2315 1990 2350 anno
2041 2302 2418 2366 consequente

787 2383 1113 2436 Cantonem
1149 2385 1489 2436 venturum?
1571 2385 1698 2453 Ego
1738 2382 1795 2436 id
1832 2401 2004 2453 quam
2039 2382 2204 2437 valde
2237 2381 2414 2452 cupi0,

785 2477 907 2523 tarn
968 2486 1169 2537 parum
1232 2488 1416 2539 spero.
1499 2470 1740 2524 Utinam
1801 2488 1989 2523 meam
2050 2468 2416 2523 diffidentiam

787 2573 1086 2609 successus
1122 2556 1392 2624 opinione
1428 2555 1611 2610 laetior
1648 2555 1884 2610 refellat.
1969 2557 2241 2626 Ignoscat
2271 2556 2418 2607 Deus

788 2640 865 2693 illi
917 2640 1137 2694 homini
1184 2642 1280 2709 qui
1326 2650 1412 2695 est
1458 2660 1630 2695 causa
1677 2642 1825 2695 tanti
1879 2642 2030 2694 mali.
2112 2641 2417 2695 Plurimum

790 2735 984 2781 metuo
1025 2746 1095 2781 ne
1136 2728 1472 2797 gravissima
1513 2728 1669 2782 illum
1711 2728 1829 2782 cito
1870 2728 2114 2798 excipiat
2154 2727 2273 2781 laesi
2311 2726 2417 2779 Nu-

790 2814 960 2868 minis
1012 2815 1180 2877 ultio;
1248 2835 1352 2869 nec
1410 2816 1650 2870 multum
1709 2816 1889 2869 aberit
1944 2816 2078 2885 quin
2133 2816 2255 2885 ejus
2306 2813 2417 2883 jam

789 2902 1001 2956 sentire
1048 2903 1264 2972 primos
1311 2903 1599 2974 occeperit
1646 2903 1936 2973 appulsus

864 2990 1066 3044 Scribo
1109 2992 1180 3044 ad
1224 2990 1411 3059 ipsum
1454 2990 1759 3054 Pereriam,
1806 2997 1886 3053 ut,
1931 2991 1977 3043 si
2017 2997 2218 3044 contra
2257 3000 2418 3057 quam

790 3096 957 3147 spero
995 3077 1208 3147 negotii
1247 3077 1462 3131 exitum
1502 3077 1833 3146 expedierit,
1871 3077 2181 3146 adjungere
2218 3073 2322 3130 sibi
2357 3087 2420 3124 ne
