2639 3798
682 413 866 452 LIBER
903 413 1030 451 vm.
1051 428 1124 435 —
1144 414 1437 453 EPISTOLA
1477 416 1516 452 1.
1812 402 1916 469 165

355 555 565 609 Videat
628 554 800 622 igitur
861 554 995 622 quid
1057 562 1188 623 agat
1240 563 1340 608 tua
1391 563 1591 609 sancta
1646 556 1917 621 charitaS,

285 642 421 694 dum
486 649 606 694 tam
674 647 907 693 sanctas
972 640 1193 694 animas
1256 649 1483 710 patrum
1549 660 1616 696 ac
1680 642 1918 697 fratrum

286 727 609 791 Societatis,
659 727 754 797 qui
801 727 859 776 in
913 726 1001 777 his
1054 728 1267 794 degunt
1320 727 1664 794 regionibuS‚
1719 730 1921 796 guber-

284 814 504 868 nationi
556 832 698 867 meae
753 813 1003 883 subjicis.
1086 813 1227 866 Mihi
1268 833 1402 867 vero
1443 833 1543 884 per
1585 814 1763 868 solam
1811 815 1918 869 Dei

285 901 734 955 misericordiam
776 902 948 953 modo
1004 901 1295 953 evidenter
1331 901 1580 954 innotuit
1618 910 1738 954 tam
1774 904 1922 955 male

286 1007 376 1041 me
432 996 699 1056 paratum
752 988 919 1040 rebus
971 989 1042 1040 ad
1096 988 1265 1040 istam
1319 987 1718 1056 praefecturam
1771 990 1918 1044 bene

284 1075 631 1143 fungendam
679 1074 1031 1136 necessariiS,
1081 1081 1141 1127 ut
1189 1093 1416 1142 sperare
1468 1074 1661 1143 potius
1714 1075 1921 1129 debue-

286 1160 391 1213 rim
445 1159 835 1213 commendari
883 1178 916 1211 a
960 1167 1017 1212 te
1064 1178 1212 1213 curae
1266 1178 1333 1212 ac
1385 1160 1760 1228 providentiae
1813 1161 1920 1214 fra-

285 1256 437 1300 trum
503 1265 779 1309 meorum,
848 1265 1018 1314 quam
1078 1246 1232 1313 ipsos
1292 1245 1429 1297 mihi
1496 1247 1781 1320 committi
1840 1266 1922 1300 re-

288 1335 524 1403 gendos,

356 1421 631 1488 Adjungit
674 1420 879 1472 deinde
918 1427 1017 1472 tua
1050 1427 1251 1472 sancta
1291 1419 1541 1472 charitas
1582 1419 1798 1488 ingenti
1828 1421 1921 1473 de-

286 1505 493 1560 siderio
550 1505 730 1560 teneri
782 1513 839 1560 te
892 1505 1121 1559 videndi
1176 1522 1267 1559 me
1319 1505 1506 1560 adhuc
1559 1506 1736 1559 semel
1789 1515 1923 1560 ante

287 1594 459 1646 finem
500 1592 670 1662 hujus
708 1593 858 1647 vitae.
939 1593 1112 1646 Novit
1141 1592 1235 1662 qui
1278 1593 1389 1647 mei
1430 1593 1679 1662 pectoris
1719 1593 1924 1648 intima

287 1681 542 1749 pervidet
625 1680 909 1734 Dominus
989 1688 1199 1744 noster,
1277 1699 1449 1749 quam
1522 1679 1921 1734 vehementem

291 1785 576 1836 quamque
616 1767 838 1820 dulcem
881 1767 1316 1835 impressionem
1370 1767 1550 1819 teneri
1591 1767 1827 1819 affectus
1867 1785 1924 1819 a-

290 1853 445 1906 nimo
508 1854 735 1922 penitus
798 1871 927 1905 meo
985 1853 1355 1905 insinuaverit
1410 1852 1533 1905 haec
1585 1854 1665 1905 ita
1717 1853 1928 1906 blanda

291 1939 633 2008 significatio
687 1940 1014 2009 praestantis
1069 1940 1280 1992 amoris
1337 1957 1469 2008 erga
1523 1958 1613 1992 me
1667 1940 1769 1993 tui.
1851 1942 1926 1993 E-

292 2027 521 2095 quidem
571 2027 795 2096 quoties
839 2034 938 2079 tua
981 2026 1074 2078 illa
1115 2026 1288 2079 verba
1331 2034 1523 2079 mente
1566 2034 1768 2095 reputo
1816 2030 1928 2091 (re-

293 2122 431 2183 puto
493 2123 686 2169 autem
752 2115 1119 2184 saepissime),
1174 2114 1407 2184 injussae
1470 2113 1610 2166 mihi
1661 2114 1928 2185 lacrymae

293 2203 486 2257 oculos
529 2204 837 2273 complent,
896 2221 1000 2256 nec
1041 2211 1282 2272 possunt
1325 2203 1506 2256 teneri
1549 2202 1687 2272 quin
1744 2203 1928 2255 suavi-

293 2298 379 2344 ter
441 2299 744 2360 erumpant
807 2291 878 2344 ad
933 2289 1111 2344 solam
1181 2289 1333 2343 illam
1396 2288 1535 2342 mihi
1582 2290 1928 2360 jucundissi—

295 2398 445 2431 mam
477 2380 745 2447 speciem,
771 2398 896 2447 quae
926 2380 1259 2432 obversatur
1285 2377 1580 2447 cogitanti,
1603 2377 1724 2431 fieri
1756 2395 1926 2447 posse

295 2475 354 2517 ut
397 2476 454 2518 te
498 2467 703 2519 iterum
750 2465 1090 2534 amplectar:
1148 2465 1301 2533 quod
1347 2464 1454 2517 etsi
1500 2464 1667 2517 video
1713 2464 1927 2519 difficil-

294 2552 511 2617 limum,
565 2563 761 2606 tamen
814 2553 953 2604 nihil
1005 2561 1091 2604 est
1145 2553 1296 2620 quod
1352 2560 1551 2604 sancta
1603 2551 1929 2605 obedientia

298 2639 515 2693 efficere
560 2647 826 2709 nequeat.

371 2725 478 2777 Per
530 2726 801 2788 studium,
857 2744 969 2793 quo
1026 2724 1248 2777 ardenti
1309 2725 1515 2792 flagras
1575 2724 1928 2793 obsequendi

297 2827 362 2861 ac
408 2812 768 2878 gratificandi
824 2812 949 2863 Deo
1004 2810 1257 2863 Domino
1304 2818 1517 2873 nostro,
1573 2828 1747 2863 unam
1793 2830 1827 2864 a
1871 2819 1930 2867 te

298 2903 431 2963 peto
483 2898 746 2966 gratiam,
796 2916 967 2967 quam
1016 2897 1061 2950 si
1107 2915 1357 2966 praesens
1404 2897 1683 2961 adessem,
1729 2897 1932 2967 positis

299 2979 455 3035 humi
509 2992 643 3037 ante
703 2992 833 3037 tuos
895 2992 1126 3036 sanctos
1177 2985 1350 3052 pedes
1402 2985 1641 3052 genibus
1693 2985 1929 3052 supplex

300 3084 584 3138 rogarem;
629 3090 695 3124 ea
738 3079 929 3124 autem
974 3080 1059 3123 est
1104 3079 1164 3122 ut
1207 3070 1318 3122 huc
1365 3071 1561 3123 mittas
1606 3071 1790 3128 virum
1833 3071 1932 3123 ali-

306 3172 474 3226 quem
529 3166 641 3214 tuae
696 3168 910 3216 sanctae
962 3159 1227 3214 charitati
1286 3160 1516 3230 penitus
1572 3168 1937 3231 perspectum
