2712 3754
835 378 938 428 100
1234 378 1419 427 LIBER
1456 379 1560 425 VH·
1584 393 1656 411 -2
1678 377 1976 426 EHSTQA
2016 379 2054 426 Ι,-

832 519 1188 583 abstinentia
1264 518 1491 572 videtur
1569 537 1711 583 esse,
1785 518 1996 590 quippe
2074 520 2191 573 suis
2253 519 2470 590 legibus

828 621 1024 671 carne,
1092 606 1268 676 pisce,
1333 606 1468 661 vino
1533 622 1762 676 prorsus
1826 606 2144 670 abstinent3
2225 606 2471 662 oleribus

829 701 1077 755 tantum,
1128 693 1331 761 pomiS,
1388 710 1557 762 oryza
1616 693 1832 755 vivunt,
1878 693 1959 745 sic
2002 701 2063 745 ut
2106 693 2283 746 semel
2328 694 2468 747 dun-

831 787 996 834 taxat
1040 780 1098 832 in
1143 780 1234 833 die
1277 780 1462 832 cibum
1511 780 1760 848 capiant.

905 867 1125 931 Bonzii,
1179 875 1240 921 ut
1294 866 1426 930 dixi,
1481 867 1707 936 plurimi
1762 875 1914 931 sunt,
1988 885 2299 937 eorumque
2351 886 2460 924 coe-

830 954 1001 1008 nobia
1062 972 1264 1023 parum
1317 973 1351 1006 a
1408 953 1780 1022 vectigalibus
1844 954 2142 1021 instructa.
2255 956 2468 1009 Verum

830 1050 1063 1111 propter
1136 1040 1404 1093 eximiam
1483 1040 1635 1093 illam
1714 1040 2114 1109 frugalitatem,
2181 1050 2236 1094 et
2302 1042 2468 1095 simul

832 1128 987 1198 quod
1033 1127 1070 1181 ii
1116 1126 1451 1197 praesertim,
1499 1126 1594 1197 qui
1643 1120 1974 1181 clericorum
2024 1135 2263 1182 utuntur
2306 1145 2467 1182 orna-

829 1224 912 1281 tu,
959 1235 993 1269 a
1035 1215 1334 1268 mulierum
1390 1215 1806 1268 consuetudine
1863 1215 2155 1285 (capitalis
2208 1215 2360 1268 enim
2403 1236 2468 1269 ea

834 1320 980 1358 noxa
1025 1307 1142 1367 est)
1195 1303 1360 1371 longe
1414 1302 1717 1372 refugiunt,
1765 1311 1821 1355 et
1868 1302 2137 1356 historias
2189 1304 2464 1372 quasdam

832 1397 930 1442 aut
983 1387 1203 1441 fabulas
1254 1388 1446 1457 potius
1499 1406 1729 1440 suarum
1783 1388 2117 1457 religionum
2171 1388 2469 1456 diligenter

831 1484 1143 1546 exponunt,
1200 1493 1469 1545 magnam
1516 1477 1667 1544 apud
1718 1477 1996 1547 Japonios
2041 1477 2464 1529 venerationem

832 1560 1066 1613 habent.
1166 1562 1369 1629 Itaque
1422 1579 1551 1613 cum
1604 1561 1793 1629 pravis
1846 1560 2049 1613 horum
2102 1561 2467 1629 opinionibus

832 1656 1004 1716 atque
1072 1647 1355 1699 erroribus
1421 1632 1744 1699 christiana.
1796 1647 2006 1699 veritas
2069 1647 2156 1698 vel
2223 1647 2467 1700 maxime

831 1734 1179 1796 adversetur,
1243 1732 1556 1801 periculum
1620 1740 1704 1785 est
1764 1750 1834 1785 ne
1898 1733 1992 1786 ubi
2045 1734 2293 1802 primum
2355 1751 2465 1788 coe-

829 1820 1085 1888 perimus
1155 1819 1530 1887 Evangelium
1583 1819 1894 1887 praedicare
1952 1837 2262 1888 eorumque
2313 1839 2464 1872 com·

832 1914 1027 1960 menta
1083 1923 1407 1974 coarguere,
1475 1904 1709 1958 infensis
1767 1906 1973 1959 animis
2026 1906 2082 1958 in
2136 1924 2240 1959 nos
2293 1906 2465 1976 impe-

830 2001 953 2047 tum
998 1992 1212 2045 faciant
1257 1992 1519 2044 universi.

906 2080 1192 2132 Nimirum
1266 2079 1401 2132 illud
1467 2097 1643 2132 unum
1710 2080 2066 2149 propositum
2132 2089 2218 2132 est
2284 2081 2464 2142 nobiS,

831 2173 891 2220 ut
943 2165 1222 2236 Japonios
1270 2166 1342 2218 ad
1394 2164 1607 2218 Christi
1667 2165 1898 2218 Domini
1953 2165 2217 2220 notitiam
2271 2165 2464 2220 fidem-

829 2271 938 2322 que
981 2246 1389 2321 perducamus;
1432 2252 1601 2319 idque
1646 2252 1898 2319 ejusdem
1943 2272 2049 2319 ope
2102 2253 2191 2303 cui
2233 2271 2464 2321 operam

833 2356 1110 2392 navamus
1195 2356 1299 2391 nos
1363 2339 1663 2391 effecturos
1729 2339 2090 2391 confidimus.
2195 2341 2382 2407 Atque
2434 2358 2464 2391 a

832 2423 1197 2478 multitudine
1250 2422 1480 2492 quidem
1533 2422 1657 2492 ipsa
1709 2422 1847 2475 nihil
1900 2423 2064 2476 nobis
2109 2422 2341 2492 periculi
2388 2423 2463 2477 vi—

831 2511 998 2566 detur
1049 2529 1191 2574 esse,
1240 2510 1348 2563 nisi
1395 2510 1538 2563 forte
1586 2510 1680 2563 illa
1726 2511 1784 2562 in
1833 2527 1937 2563 nos
1984 2529 2017 2563 a
2063 2511 2281 2564 bonziis
2333 2529 2463 2565 con-

832 2596 1055 2652 citetur.
1136 2597 1257 2650 Nos
1297 2596 1431 2650 vero
1476 2614 1659 2665 neque
1703 2595 1813 2649 ulla
1855 2614 1984 2650 cum
2029 2596 2247 2650 bonziis
2289 2605 2463 2651 certa-

832 2685 988 2747 mina
1039 2694 1253 2738 temere
1314 2684 1708 2752 suscipiemuS,
1774 2703 1958 2753 neque
2010 2692 2206 2737 tamen
2259 2684 2463 2738 divinae

833 2771 1026 2841 gloriae
1070 2771 1353 2825 deerimus
1392 2778 1447 2824 et
1490 2770 1814 2825 animorum
1861 2770 2055 2832 saluti;
2112 2770 2462 2840 exploratum

833 2858 1044 2930 quippe
1109 2857 1388 2911 habemus
1452 2856 1575 2911 illos
1634 2857 1798 2911 nobis
1851 2857 1958 2910 nisi
2013 2857 2119 2911 Dei
2185 2857 2463 2928 permissu

836 2965 1041 3001 nocere
1087 2964 1202 3000 non
1263 2963 1448 3015 posse.
1530 2946 1699 3015 Quod
1742 2945 1787 2998 si
1833 2945 2055 2999 accidat
2115 2953 2175 2999 ut
2236 2945 2294 2999 in
2345 2953 2461 3002 tam

833 3036 928 3105 pia
968 3035 1324 3104 honestaque
1354 3032 1538 3088 'causa
1577 3034 1753 3087 vitam
1795 3051 2095 3102 ponamuS‚
2126 3052 2214 3088 nae
2255 3052 2361 3089 nos
2408 3033 2462 3085 in

834 3121 1099 3178 maximis
1145 3122 1202 3175 id
1277 3122 1384 3174 Dei
1455 3120 1746 3175 beneficiis
1808 3119 2262 3182 numerabimus;
2328 3120 2464 3190 ipsis
