2712 3754
743 334 811 388 50
1152 337 1336 374 LIBER
1374 336 1452 374 VI.
1475 350 1546 358 --·
1567 336 1863 374 EPISTOLA
1900 336 1954 373 V.

813 464 1135 519 Delectavit
1200 481 1290 519 me
1351 465 1658 534 aliquando
1717 464 1925 518 Paulus
1977 469 2187 527 noster,
2243 479 2366 517 nar·

738 568 872 601 rans
924 550 993 602 de
1046 550 1295 617 quodam
1350 550 1613 602 coenobio
1666 570 1782 602 suae
1846 549 2064 617 patriae,
2127 548 2222 600 ubi
2283 568 2368 600 so-

741 637 897 690 dales
953 638 1219 706 permulti
1262 638 1466 691 litteris
1512 639 1650 690 dant
1703 654 1954 706 operam.
2022 636 2131 689 His
2182 636 2369 688 aiebat

741 739 983 791 praeesse
1044 723 1324 777 seniorem
1393 724 1717 791 quemdam,
1772 722 2040 776 excellere
2092 720 2370 791 sapientia

739 812 887 866 inter
950 832 1151 866 omnes
1214 812 1415 876 visum,
1481 813 1576 883 qui
1640 814 1712 865 ad
1764 812 2110 866 domesticos
2166 810 2368 865 identi-

741 899 871 951 dem
924 899 981 951 in
1035 919 1209 953 unum
1262 909 1473 953 coetum
1520 910 1751 954 coactos
1791 901 1962 953 verba
2007 899 2159 953 facit.
2218 901 2368 952 Tum

735 986 897 1054 jubet
949 1004 1203 1039 seorsum
1256 1004 1719 1055 unumquemque
1770 1004 1870 1054 per
1916 986 2164 1054 spatium
2212 985 2367 1038 horae

740 1071 906 1126 unius
963 1072 1339 1127 commentari
1397 1091 1564 1142 super
1620 1072 1951 1142 praescripto
2008 1078 2363 1140 argumentO,

741 1158 849 1211 hoc
918 1159 1180 1212 videlicet
1250 1169 1346 1212 aut
1418 1159 1613 1212 simili:
1693 1160 1828 1229 quid
1899 1159 2120 1210 dictura
2188 1158 2367 1210 videri

741 1254 932 1313 posset
997 1248 1189 1299 anima
1253 1248 1493 1315 corpori,
1559 1248 1616 1299 in
1675 1255 1928 1300 extremo
1980 1263 2096 1299 suae
2148 1247 2220 1298 ab
2275 1246 2370 1298 illo

737 1331 1137 1400 disjunctionis
1222 1333 1496 1385 articulo?
1600 1333 1734 1401 quid
1820 1332 2155 1400 cogitatura,
2235 1349 2365 1383 cum

731 1416 853 1484 jam
916 1417 1101 1471 soluta
1164 1436 1308 1471 nexu
1372 1419 1641 1480 materiae,
1696 1417 1920 1470 Tartari
1973 1424 2070 1469 aut
2122 1433 2365 1485 purgan-

738 1502 881 1555 tium
936 1505 1039 1556 sub
1091 1506 1255 1557 terris
1308 1506 1521 1576 ignium
1590 1511 1752 1571 (nam
1812 1508 2013 1561 harum
2066 1518 2121 1562 et
2173 1509 2231 1561 hi
2283 1526 2363 1560 re-

741 1608 864 1643 rum
933 1593 1138 1644 notitia
1205 1601 1336 1646 sunt
1405 1594 1613 1661 perfusi
1682 1596 1959 1662 quadam)
2030 1598 2369 1648 acres'cru-

740 1676 921 1730 ciatus
1009 1678 1326 1746 experitur?
1417 1681 1576 1732 Hora
1653 1680 1861 1733 talibus
1938 1681 2368 1733 considerandis

734 1763 1017 1832 impensa,
1072 1766 1250 1818 solere
1304 1767 1638 1836 magistrum
1691 1768 1847 1820 illum
1901 1768 2206 1837 discipulos
2258 1768 2367 1822 sin-

729 1849 978 1917 gillatim
1038 1852 1359 1919 percontari
1419 1853 1553 1921 quid
1612 1853 1850 1922 quisque
1904 1854 2236 1907 meditando
2289 1854 2369 1906 in-

740 1939 986 2002 venerit;
1059 1950 1113 1994 et
1190 1960 1293 2011 pro
1370 1943 1447 1994 rei
1525 1942 1728 1995 merito
1804 1960 1975 2012 quam
2053 1943 2369 2012 protulerit,

735 2016 969 2079 laudare
1021 2027 1147 2095 plus
1200 2028 1476 2090 minusve,
1529 2028 1616 2081 vel
1671 2027 1845 2081 etiam
1899 2028 1944 2080 si
2006 2048 2209 2096 parum
2260 2048 2373 2081 me-

738 2115 1022 2166 morabile
1050 2117 1391 2184 prompserit
1433 2116 1749 2185 quidpiam,
1793 2116 2223 2185 reprehendere.
2265 2118 2376 2169 Ad-

738 2202 911 2256 debat
968 2202 1286 2257 coenobitas
1341 2202 1481 2256 istos
1534 2221 1797 2272 perorare
1850 2203 1922 2256 ad
1968 2203 2240 2272 populum
2292 2222 2377 2256 so-

736 2275 869 2342 litos
921 2289 1348 2358 quintodecimo
1399 2289 1573 2342 ferme
1628 2308 1856 2358 quoque
1915 2289 2022 2353 die,
2078 2289 2377 2358 audirique

734 2392 942 2443 magno
995 2393 1271 2429 concursu
1324 2375 1568 2429 virorum
1625 2393 1689 2428 ac
1749 2374 2083 2438 mulierum,
2145 2375 2379 2444 parique

737 2461 1054 2515 attentione
1097 2482 1162 2515 ac
1206 2481 1373 2515 sensu
1416 2461 1619 2523 animi3
1669 2461 1970 2531 lacrymari
2015 2461 2152 2531 quin
2195 2461 2369 2515 etiam

738 2557 887 2608 inter
938 2549 1283 2602 audiendum
1336 2549 1633 2618 plerosque
1687 2566 1799 2601 non
1854 2567 1998 2612 rarO,
2051 2549 2373 2617 praesertim

739 2636 1000 2699 femina5‚
1065 2636 1309 2688 maxime
1371 2654 1519 2698 curn,
1590 2636 1739 2704 quod
1806 2654 1958 2704 saepe
2033 2636 2116 2699 fit,
2185 2644 2382 2693 orator

738 2723 953 2789 pictam
1016 2731 1269 2775 ostentat
1336 2730 1753 2775 tormentorum
1822 2722 2026 2774 inferni
2096 2723 2376 2786 tabulam,

745 2810 887 2862 Haec
942 2808 1149 2861 Paulus
1201 2827 1326 2877 quae
1379 2827 1571 2861 coram
1624 2817 1978 2877 spectaverat
2025 2809 2291 2861 referens.

816 2894 1064 2963 Quaesivi
1135 2913 1202 2946 ex
1271 2894 1383 2957 illo,
1457 2913 1592 2946 num
1664 2895 2057 2947 recordaretur
2137 2894 2381 2964 alicujus

743 2981 1059 3044 sententiae,
1128 2999 1299 3049 quam
1368 2999 1434 3034 ex
1495 2980 1649 3034 hisce
1702 2980 2072 3033 concionibus
2133 2980 2379 3049 excepis-

744 3078 864 3129 set?
946 3075 1265 3144 Respondit
1330 3077 1641 3128 affirmasse
1705 3075 2014 3144 aliquando
2073 3076 2380 3144 quemdam
