2649 3754
652 326 756 393 146
1040 340 1226 379 LIBER
1263 340 1368 379 v11.
1389 356 1461 363 -—
1482 340 1780 380 EPISTOLA
1818 341 1897 379 VI.

652 471 786 527 hinc
866 492 1093 528 menses
1174 483 1390 529 statum
1456 476 1772 546 exspectari
1846 474 2153 530 etesiarum
2218 492 2286 528 eo

652 559 956 615 ferentium
1018 571 1306 618 exortum:
1385 571 1540 630 tunc,
1606 565 1651 619 si
1721 566 1879 618 Deus
1932 563 2171 628 dederit,
2225 561 2284 614 il-

650 647 741 702 luc
808 650 1223 720 navigabimus.
1319 654 1460 722 Quae
1514 653 1694 706 multa
1755 661 1812 706 et
1866 652 2009 705 mira
2070 652 2140 705 de
2192 649 2287 703 illa

648 735 803 806 regia
855 738 1118 808 Japoniae
1183 739 1412 794 civitate
1476 740 1854 805 celebrantur,
1922 739 1990 794 iis
2052 737 2284 809 plenam

649 824 961 894 adjungam
1014 826 1185 882 fidem
1233 826 1279 882 si
1325 846 1579 896 praesens
1630 845 1989 898 perspexerO.
2070 827 2182 882 Sex
2228 832 2283 881 et

651 912 965 982 nonaginta
1009 914 1184 967 millia
1231 915 1505 968 domuum
1553 915 1611 968 in
1640 935 1707 969 ea
1750 914 1969 969 censeri
2010 913 2283 967 referunt.

652 999 785 1052 Duo
833 1001 1097 1054 Lusitani
1145 1001 1240 1070 qui
1287 1002 1364 1054 ibi
1410 1002 1655 1066 fuerunt,
1704 1021 1946 1072 quorum
1993 1020 2140 1054 unus
2185 1001 2281 1053 ad-

649 1086 761 1139 huc
806 1087 864 1140 in
908 1089 1156 1159 Japonia
1200 1098 1475 1154 versatur,
1524 1091 1686 1143 aiunt
1733 1091 1841 1142 sibi
1892 1089 2071 1143 videri
2127 1090 2281 1141 Mea-

649 1190 779 1227 cum
833 1176 1031 1228 urbem
1093 1175 1439 1245 Ulyssipone
1497 1177 1853 1246 ampliorem.
1930 1176 2111 1229 AEdes
2163 1193 2282 1228 om-

648 1278 750 1313 nes
787 1279 817 1314 e
859 1262 1098 1315 materia
1142 1270 1293 1326 sunt,
1338 1263 1866 1332 contignationibus
1909 1271 1964 1316 et
2007 1262 2280 1316 tabulatis

650 1365 808 1401 more
861 1357 1118 1402 nostrate
1172 1350 1535 1419 surgentibus
1611 1358 1936 1403 exstructae.
2014 1350 2184 1402 Anno
2236 1349 2283 1402 si

649 1435 809 1489 Deus
854 1436 1117 1491 annuerit
1164 1438 1444 1508 sequenti,
1500 1457 1566 1492 ex
1610 1438 1882 1508 praesenti
1929 1438 1999 1491 de
2045 1436 2136 1491 his
2188 1455 2278 1490 ex-

646 1524 926 1594 perientia
976 1525 1225 1595 copiosis
1277 1526 1350 1580 ad
1402 1534 1459 1580 te
1511 1526 1715 1581 litteris
1768 1526 2065 1581 disseram.
2162 1525 2281 1579 Ma-

648 1628 762 1680 gna
802 1611 942 1666 mihi
983 1630 1113 1682 spes
1146 1630 1176 1667 e
1210 1612 1425 1668 Christi
1463 1614 1601 1684 Jesu
1641 1613 1891 1683 propitio
1932 1612 2124 1667 favore
2163 1611 2280 1666 ani-

650 1717 806 1752 mum
855 1699 1124 1768 complet,
1173 1699 1291 1754 fore
1338 1708 1399 1754 ut
1447 1719 1656 1770 magna
1700 1701 1963 1772 Japoniae
2008 1718 2160 1768 parS,
2208 1699 2281 1752 ob

647 1805 793 1850 eam,
833 1788 903 1840 de
943 1807 1055 1856 qua
1095 1788 1227 1851 dixi,
1270 1788 1507 1841 rationis
1544 1790 1616 1841 ad
1653 1788 1930 1857 liquidum
1967 1794 2281 1856 perspectae

646 1861 855 1928 in'hac
900 1883 1071 1944 gente
1117 1875 1541 1940 auctoritatem,
1590 1883 1847 1929 nostram
1895 1883 2156 1928 sanctam
2198 1891 2281 1927 re-

646 1960 917 2030 ligionem
964 1962 1361 2031 amplectatur.

718 2049 905 2117 Atque
945 2048 1133 2118 hujus,
1175 2049 1270 2118 qui
1315 2058 1436 2102 tam
1476 2048 1858 2103 verisimiliter
1897 2054 2312 2122 exspectatur„

643 2134 894 2202 ingentis
946 2135 1162 2188 fructus
1213 2136 1367 2187 bona
1417 2154 1551 2203 pars
1592 2135 1919 2187 liberalitati
1972 2142 2028 2187 et
2079 2134 2277 2186 huma·

644 2220 813 2274 nitati
865 2221 942 2273 illi
987 2230 1103 2275 tuae
1149 2222 1543 2291 imputabitur,
1592 2241 1704 2291 qua
1750 2240 1857 2274 nos
1905 2229 1962 2275 et
2006 2240 2147 2275 voce
2194 2228 2277 2273 at-

643 2326 753 2376 que
781 2326 955 2377 opera
997 2326 1208 2372 coram,
1252 2316 1307 2361 et
1348 2308 1574 2376 scriptis
1614 2326 1728 2377 quo
1768 2307 1873 2361 fuit
1913 2325 2057 2376 opus
2095 2307 2276 2360 effica-

643 2393 802 2447 cibus
856 2394 1164 2458 mandatiS,
1213 2401 1268 2448 et
1315 2394 1481 2447 donis
1527 2412 1595 2447 ex
1639 2402 1738 2447 tua
1785 2393 1951 2463 copia
2003 2392 2277 2462 speciosis

642 2480 1022 2543 conferendiS,
1065 2480 1270 2549 quibus
1310 2480 1457 2548 regis
1495 2480 1759 2551 Japoniae
1799 2479 2043 2548 gratiam
2084 2478 2274 2531 eblan-

642 2567 883 2632 diamur,
938 2566 1048 2621 hoc
1101 2575 1362 2621 nostrum
1416 2565 1715 2620 consilium
1770 2565 1987 2620 Christi
2032 2564 2172 2637 legis
2218 2564 2274 2618 in

640 2657 751 2709 hoc
810 2676 985 2727 regno
1036 2658 1486 2727 promulgandae,
1541 2675 1609 2708 ex
1660 2656 1900 2708 infinitis
1952 2663 2009 2708 et
2062 2663 2274 2708 nostrae

641 2744 1018 2799 imbecillitati
1083 2745 1561 2814 insuperabilibus
1625 2739 2053 2797 difficultatibus
2106 2742 2274 2812 expli-

642 2833 812 2885 casti:
876 2851 1002 2901 quae
1048 2852 1137 2885 res
1190 2832 1325 2885 facit
1372 2840 1452 2895 ut,
1500 2849 1631 2884 cum
1681 2831 1789 2883 Dei
1832 2830 2057 2893 auxilio,
2103 2829 2274 2883 confi-

641 2920 775 2973 dam
821 2937 923 2989 per
973 2927 1030 2973 te
1082 2919 1494 2972 absolvendum
1559 2925 1614 2971 et
1661 2917 1719 2970 in
1772 2917 1926 2987 pleni
1978 2932 2275 2974 successus

640 3009 1095 3079 promovendum
1143 3008 1348 3073 lucem,
1397 3008 1550 3078 quod
1603 3005 1870 3059 dominus
1924 3008 2136 3061 Comes
2181 3003 2272 3058 Al-

643 3097 918 3151 mirantes
957 3104 1121 3165 pater
1158 3104 1291 3150 tuus
1330 3096 1465 3150 olim
1506 3094 1876 3149 inchoaverat
1890 3112 1904 3156 3
1952 3102 2117 3148 tanto
2158 3111 2271 3147 ma-
