2665 3754
756 336 859 388 322
1104 336 1288 396 LIBER
1326 335 1454 377 VIII.
1477 353 1549 361 -··-
1570 336 1863 378 EPISTOLA
1899 336 2037 377 XXII.

755 483 879 529 tum
945 476 1075 529 illuc
1139 478 1404 531 euntibus
1461 498 1561 548 per
1611 487 1697 532 tot
1750 479 2082 533 discrimina
2131 478 2277 532 vasti
2329 490 2381 536 et

757 561 949 617 infesti
990 564 1179 628 mariS,
1220 573 1344 619 tum
1385 565 1496 620 illic
1536 566 1682 622 inter
1720 584 2003 620 aerumnas
2043 585 2110 619 ac
2137 565 2381 634 pericula

757 649 1134 703 versantibus,

833 736 893 788 Si
948 754 1091 805 quos
1143 738 1339 791 classis
1392 758 1421 791 e
1477 740 1773 792 Lusitania
1834 747 2162 807 exspectata
2222 740 2382 794 nobis

758 822 867 877 hoc
911 842 1064 878 anno
1120 826 1318 880 Patres
1369 826 1629 890 advehet,
1677 826 1714 879 ii
1760 826 1971 896 pariter
2021 844 2221 880 omnes
2273 826 2378 881 elo-

759 910 995 977 quentia
1047 911 1212 964 simul
1260 920 1314 965 et
1355 913 1672 966 eruditione
1725 930 1895 981 supra
1955 912 2243 981 vulgarem
2296 929 2380 967 ex·
2438 932 2441 934 ·

758 996 1024 1051 cellerent
1071 1000 1324 1063 modum,
1372 999 1452 1052 ita
1496 1009 1557 1053 ut
1605 999 1790 1052 nullus
1846 1007 1995 1052 esset
2048 1018 2242 1052 eorum
2290 1001 2381 1070 qui

759 1101 874 1137 non
921 1084 1047 1154 plus
1093 1085 1379 1140 facultatis
1424 1088 1496 1140 ad
1543 1086 1849 1141 dicendum
1889 1105 1919 1140 e
1962 1104 2122 1140 sacro
2166 1086 2382 1156 pulpito

760 1171 969 1224 habere
1007 1174 1310 1237 videretur,
1353 1195 1524 1243 quam
1565 1183 1760 1227 noster
1791 1174 2075 1227 Antonius
2117 1174 2381 1237 Heredia‚

758 1260 853 1328 qui
923 1262 1124 1314 Cocini
1178 1280 1245 1315 eo
1299 1281 1532 1341 munere
1583 1263 1852 1332 fungitur,
1906 1263 2035 1315 volo
2088 1280 2264 1314 unum
2318 1281 2380 1315 ex

756 1345 847 1399 his
914 1356 1135 1401 mature
1201 1349 1482 1402 Coeinum
1549 1349 1745 1402 mittas
1810 1366 2205 1402 successurum
2277 1349 2383 1402 illic

759 1435 1043 1499 Herediae,
1091 1444 1147 1489 et
1191 1437 1526 1489 mandatum
1569 1436 1620 1489 ei
1666 1455 1700 1488 a
1745 1444 1801 1488 te
1847 1434 2147 1488 allaturum
2194 1434 2377 1488 confe-

757 1522 916 1573 rendi
959 1540 1083 1574 sese
1126 1523 1183 1574 in
1210 1523 1537 1594 Japoniam.
1618 1524 1729 1574 Sed
1773 1522 2102 1591 priusquam
2143 1521 2252 1574 hoc
2291 1523 2380 1574 de-

756 1625 976 1672 cernaS,
1031 1610 1258 1678 explora
1310 1610 1608 1678 diligenter
1653 1610 1856 1678 ecquid
1910 1609 2145 1662 omnino
2197 1609 2380 1662 verisi-

757 1695 1056 1749 millimum
1098 1697 1170 1750 sit
1211 1697 1403 1750 utilius
1442 1696 1634 1760 istum,
1673 1705 1728 1749 et
1769 1695 2013 1749 uberiori
2054 1714 2223 1766 quam
2268 1695 2379 1748 He-

756 1784 972 1838 rediam
1027 1784 1211 1839 fructu
1277 1785 1655 1840 concionandi
1708 1785 1953 1839 officium
2009 1784 2209 1839 Cocini
2262 1800 2379 1853 ges-

757 1876 977 1933 turu1n3
1021 1870 1128 1925 nisi
1169 1870 1320 1925 enim
1363 1871 1433 1925 de
1472 1869 1581 1924 hoc
1621 1869 1760 1924 satis
1801 1877 2043 1935 constet,
2082 1890 2148 1924 35
2188 1877 2384 1925 contra

759 1952 1070 2025 prudenter
1121 1959 1474 2012 existimetur
1524 1975 1719 2026 parem
1774 1959 2051 2011 duntaxat
2104 1965 2159 2011 et
2213 1957 2383 2010 nihilo

760 2045 1107 2112 superiorem
1163 2046 1389 2098 dicendi
1439 2046 1554 2097 vim
1607 2044 1739 2097 huic
1791 2063 1988 2097 recens
2040 2044 2279 2097 advecto
2331 2051 2383 2094 et

764 2131 1029 2185 Herediae
1070 2139 1413 2201 competere,
1457 2131 1596 2183 nihil
1635 2139 1774 2199 puto
1802 2149 1925 2183 esse
1965 2148 2152 2183 causae
2184 2129 2383 2182 debere

760 2234 860 2270 cur
901 2217 1213 2288 quidquam
1254 2217 1364 2271 illic
1402 2224 1669 2271 mutetur.
1749 2216 2029 2286 Quocirca
2069 2215 2265 2269 relicto
2294 2214 2382 2268 ubi

764 2310 849 2356 est
905 2304 1175 2367 Heredia‚
1230 2304 1386 2357 illum
1440 2304 1611 2357 alium
1666 2320 1875 2356 novum
1929 2303 2383 2357 concionatorem

759 2389 817 2441 in
857 2390 1164 2459 Japoni‘am
1210 2389 1408 2443 mittas
1449 2408 1675 2443 5511550.

833 2476 1028 2529 Simile
1061 2477 1354 2546 quidpiam
1388 2477 1621 2545 injungo
1649 2477 1799 2529 circa
1830 2475 2197 2528 Melchiorem
2227 2475 2379 2526 Nun-

758 2562 1001 2627 nezium,
1054 2563 1150 2633 qui
1205 2563 1545 2615 Bazainensi
1596 2570 1803 2632 praeest
1854 2561 2107 2632 collegiO,
2155 2568 2211 2613 et
2253 2576 2380 2613 con-

766 2649 1076 2704 cionatoris
1140 2650 1349 2704 ibidem
1418 2668 1622 2704 munus
1686 2658 1927 2704 exercet.
2005 2648 2242 2711 Vellem,
2307 2646 2383 2700 in·

764 2755 956 2806 quam,
1011 2737 1057 2790 si
1109 2737 1332 2806 copiam
1387 2745 1676 2791 oratorum
1730 2736 2038 2805 insignium
2098 2734 2383 2789 Lusitanae

747 2841 942 2877 -naves
988 2823 1299 2886 attulerint,
1347 2842 1522 2877 unum
1568 2842 1635 2876 ex
1679 2823 1747 2876 iis
1793 2840 2178 2877 successorem
2232 2822 2383 2875 Nun·

763 2912 923 2962 nezio
967 2911 1114 2973 dari;
1171 2912 1344 2963 talem
1393 2911 1606 2963 scilicet
1652 2910 1748 2981 qui
1791 2919 1846 2962 et
1890 2929 2128 2980 magnos
2174 2908 2383 2960 animo-

748 3017 888 3054 -rum
942 3008 1131 3054 motus
1192 3000 1581 3054 concitaturus
1634 3000 1690 3053 in
1748 3000 1959 3068 populo
2020 3000 2279 3062 dicendO,
2332 3002 2383 3049 et

766 3087 1094 3143 domesticae
1141 3086 1640 3148 administrationi,
1693 3086 1864 3139 etiam
1920 3085 1997 3138 rei
2049 3082 2383 3155 pecuniariae
