2639 3798
683 352 867 388 LIBER
904 352 1007 389 VII.
1030 368 1102 374 --
1123 350 1418 390 EPISTOLA
1456 352 1510 390 V.

1807 354 1908 414 133

349 492 508 560 Quos
571 490 739 543 istinc
802 490 913 543 huc
976 491 1032 542 in
1092 493 1373 561 Japonem
1441 492 1686 555 adVOCO,¹
1733 499 1906 547 utrse

276 578 695 647 quamprimum
736 578 971 630 remotis
1011 579 1277 632 omnibus
1318 579 1640 647 expediant,
1671 587 1905 648 praesto-

276 685 382 736 que
412 666 483 717 ad
514 664 842 719 condictum
886 664 1017 729 sint,
1061 665 1195 719 dare
1224 673 1280 719 te
1309 666 1437 719 volo
1478 656 1733 718 sedulam
1774 684 1905 735 ope-

273 772 411 817 ram,
454 760 625 821 atque
670 752 1017 821 ‘auctoritate
1060 753 1131 804 ad
1175 752 1282 806 hoc
1329 754 1645 822 urgendum
1689 771 1756 806 ea
1802 754 1904 817 uti,

273 857 442 910 quam
471 839 573 893 tibi
602 839 829 908 plenam
871 857 1057 891 rerum
1099 839 1421 892 istiusmodi
1464 829 1697 901 contuli.
1779 841 1937 899 Scis

273 926 473 988 modos
516 926 572 977 id
616 925 921 978 efficaciter
962 933 1016 978 et
1062 926 1309 979 suaviter
1346 926 1644 988 'efficiendi
1679 945 1903 980 accom-

273 1013 501 1065 modate
529 1013 600 1064 ad
629 1012 902 1080 cujusque
932 1020 1165 1080 captum
1195 1031 1261 1064 ac
1289 1012 1537 1080 genium.
1694 1070 1697 1074 ,
1736 1068 1739 1072 ,

344 1101 512 1151 Pater
553 1100 799 1152 Cosmus
838 1099 1152 1151 Turrianus
1180 1099 1261 1151 tui
1297 1099 1742 1165 amantissimus,
1770 1098 1903 1153 scri-

271 1186 350 1239 bit
388 1186 524 1249 tibi,
580 1184 661 1238 ac'
698 1204 801 1253 pro
855 1204 957 1238 suo
1015 1185 1340 1239 vehementi
1404 1205 1537 1255 erga
1589 1194 1656 1244 te*
1698 1187 1903 1248 affectu

273 1272 448 1326 multa
495 1280 675 1341 optat,
724 1291 849 1341 quae
892 1272 994 1326 tibi
1040 1280 1100 1325 ut
1144 1273 1523 1326 conducibilia
1570 1274 1744 1327 modo
1784 1273 1938 1344 sint„

269 1378 500 1414 vereor:
560 1368 945 1416 maturescent
1001 1359 1187 1414 adhuc
1242 1361 1417 1414 cruda
1469 1378 1571 1414 suo
1624 1368 1903 1430 tempore,

272 1447 491 1502 articuli
520 1448 1017 1517 opportunitatum
1047 1456 1465 1517 exspectentur.

343 1536 579 1590 Interim
626 1536 706 1588 sic
750 1536 923 1588 habe:
984 1536 1201 1604 majora
1233 1555 1335 1588 me
1377 1535 1481 1589 tibi
1525 1543 1581 1589 et
1626 1491 1903 1604 ampliora

270 1623 570 1686 destinare,
616 1641 787 1691 quam
832 1632 891 1676 tu
939 1624 1057 1691 ipse
1101 1632 1198 1675 aut
1242 1624 1333 1676 hic
1375 1623 1769 1692 perstudiosus
1817 1615 1946 1679 tuis-

272 1709 437 1771 Pater
467 1709 743 1777 .cupiatis;
788 1710 1044 1778 adeoque
1071 1710 1162 1763 vix
1191 1710 1371 1763 aberit
1402 1711 1557 1778 quin,
1590 1718 1907 1779 antequam

270 1795 467 1849 tertius
519 1796 590 1848 ab
643 1794 775 1848 hinc
838 1813 1020 1848 annus
1084 1796 1392 1860 evolvatur,
1455 1796 1689 1864 litteras
1726 1814 1903 1868 alume

271 1883 515 1951 accipias
559 1883 763 1952 quibus
804 1882 914 1936 huc
957 1884 1209 1935 evoceris
1250 1885 1321 1935 ad
1363 1883 1612 1952 aliquam
1654 1902 1722 1936 ex
1762 1884 1906 1938 cele-

270 1970 527 2022 berrimis
567 1970 770 2022 horum
812 1989 1114 2039 regnorum
1165 1970 1520 2025 academiam
1557 1960 1775 2037 .ituru.s‚‘
1812 1970 1906 2026 ubi
1927 2006 1936 2042 3

271 2056 509 2111 fortasse
574 2059 928 2111 uberioribus
1003 2077 1175 2127 quam
1251 2066 1517 2110 autumas
1583 2056 1904 2115 divinarum

270 2144 724 2199 consolationum
770 2146 1060 2215 illapsibus
1105 2146 1321 2209 frueris,
1364 2154 1419 2196 et
1460 2145 1755 2214 aliquanto
1802 2165 1903 2197 nu-

271 2232 576 2286 merosiora
623 2251 894 2301 congeres
938 2232 1256 2286 animarum
1300 2233 1474 2296 lucra,
1518 2249 1691 2301 quam
1719 2250 1903 2301 *quan-

269 2325 387 2370 turn
442 2321 594 2372 istud
648 2329 733 2373 est
788 2320 939 2388 quod
993 2340 1059 2372 ex
1105 2319 1217 2373 tuis
1267 2319 1323 2371 in
1370 2319 1681 2372 excolenda
1736 2320 1903 2384 India

269 2402 552 2459 laboribus
580 2407 842 2475 percipis.
923 2410 1139 2458 Verum
1170 2406 1291 2457 haec
1321 2405 1479 2457 alias.
1815 2468 1818 2471 .

341 2493 507 2561 Quod
574 2512 726 2546 nunc
792 2495 985 2556 instat,
1054 2493 1186 2561 quia
1252 2493 1488 2544 verebar
1540 2511 1612 2543 ne
1648 2492 1791 2559 *quis
1844 2492 1900 2543 in

270 2576 512 2645 aliquem
568 2600 596 2632 e
653 2579 834 2632 Sociis
900 2597 1042 2647 quos
1095 2579 1204 2631 huc
1257 2596 1504 2642 accerSO,
1558 2587 1691 2631 tuus
1755 2577 1900 2635 forte
1950 2631 1952 2633 ,

268 2661 366 2713 tibi
408 2666 658 2718 tenerior-
703 2665 937 2719 affectus
985 2667 1299 2734 obreperet,
1346 2673 1405 2717 ut
1450 2665 1712 2733 specioso
1758 2683 1897 2733 prae-

267 2754 418 2802 textu
461 2751 544 2803 fas
585 2760 815 2820 putares
857 2751 1114 2820 excipere
1144 2770 1209 2804 ac
1251 2751 1493 2804 retinere
1534 2751 1662 2826 istic
1688 2769 1897 2820 iquem-
1930 2788 1932 2790 ψ

266 2836 432 2901 piam,
464 2840 573 2891 alio
602 2841 658 2890 in
694 2842 815 2908 ejus
856 2840 1218 2907 subrogando
1259 2826 1465 2900 locum,
1508 2838 1681 2890 etiam
1716 2846 1895 2908 ⁴atque

268 2920 436 2975 etiam
499 2926 689 2979 edico:
757 2944 893 2978 cave
956 2934 1206 2978 attentes
1269 2926 1579 2993 quidquam
1643 2925 1774 2987 tale,
1830 2945 1897 2977 ac

268 3023 598 3072 persuasum
642 3012 787 3065 habe
829 3012 964 3077 fore,
1006 3014 1069 3076 si,
1111 3014 1261 3082 quod
1304 3012 1469 3075 absit,
1513 3010 1896 3074 hocfacereS,

271 3101 330 3143 ut
394 3099 637 3162 graviter
690 3100 746 3150 in
800 3119 857 3151 re
912 3099 1189 3157 momenti
1257 3099 1487 3154 max-imi
1553 3106 1752 3156 contra
1816 3098 1898 3154 tui
