2665 3754
737 356 843 422 284
1090 368 1273 408 LIBER
1310 368 1437 408 VIII.
1460 383 1532 395 -
1553 366 1845 407 EPISTOLA
1882 366 1996 407 XIX.

736 509 980 571 futuros3
1024 508 1232 578 quippe
1260 527 1390 561 cum
1426 506 1549 561 haec
1575 507 1701 561 loca
1726 506 1877 560 viros
1908 515 2177 576 expetant
2216 507 2360 577 ejus-

734 597 907 661 modi,
951 597 1046 667 qui
1082 595 1480 650 dimicationes
1519 603 1575 649 et
1615 594 1823 649 multas
1862 603 1918 649 et
1957 612 2156 664 graves
2195 595 2361 650 susti-

736 702 868 737 nere
899 682 1139 752 possint.
1219 683 1420 751 Itaque
1460 688 1732 750 spectatae
1771 680 1996 735 virtutis
2035 698 2159 734 esse
2199 698 2360 750 opor-

732 779 833 835 tet,
864 770 1210 838 eosdemque
1238 768 1512 823 doctrinae
1544 767 1828 837 praesidiis
1865 768 2003 822 satis
2029 768 2359 833 instructOS,

732 865 794 913 ut
834 856 1237 912 acerrimorum
1282 855 1637 924 ingeniorum
1681 853 2033 923 (cujusmodi
2070 855 2358 925 Japonum

733 955 864 999 sunt
928 953 1099 1014 atque
1158 942 1453 1007 Sinarum)
1510 941 1921 1013 quaestionibus
1986 940 2359 995 satisfaciant.

732 1033 861 1103 Quo
901 1031 1081 1101 magis
1121 1029 1324 1083 horum
1363 1029 1617 1084 locorum
1658 1028 2018 1083 difficultates
2056 1029 2356 1098 aperirem,

730 1119 942 1188 placuit
988 1126 1206 1171 certum
1253 1117 1546 1169 hominem
1594 1116 1727 1169 hinc
1773 1117 1829 1168 in
1881 1116 2244 1169 Lusitaniam
2290 1118 2361 1170 ad

734 1207 795 1259 P.
852 1205 1165 1266 Simonem,
1219 1210 1275 1256 et
1331 1204 1576 1256 Romam
1630 1203 1702 1255 ad
1758 1203 1819 1255 P.
1876 1202 2164 1270 Ignatium
2231 1220 2361 1256 cum

732 1290 935 1347 litteris
980 1289 1259 1360 ablegare.

806 1380 1008 1433 Restat
1056 1386 1115 1432 ut
1161 1395 1264 1446 pro
1311 1376 1526 1431 Christi
1576 1376 1807 1430 Domini
1856 1376 2034 1430 nostri
2081 1376 2260 1444 gloria
2304 1384 2362 1431 et

732 1464 912 1517 salute
970 1464 1309 1525 animarum,
1363 1464 1436 1514 ad
1491 1464 1552 1513 P.
1601 1462 1899 1528 Ignatium
1956 1462 2174 1515 litteras
2227 1462 2363 1514 dare

732 1568 802 1604 ne
840 1551 1108 1619 graveriS,
1151 1550 1354 1620 quibus
1393 1549 1685 1603 hominem
1734 1549 1996 1619 quamvis
2039 1556 2361 1605 currentem

731 1637 951 1701 inciteS‚
1001 1645 1061 1691 ut
1108 1655 1279 1706 quam
1325 1636 1772 1705 diligentissime,
1816 1636 2257 1705 quamprimum,
2304 1644 2360 1692 et

734 1721 939 1775 divinae
990 1722 1182 1792 gloriae
1247 1722 1505 1775 consulat
1558 1730 1613 1775 et
1665 1720 1920 1790 religioni
1983 1730 2127 1783 tuae3
2195 1729 2365 1791 atque

732 1810 1039 1864 illiusmodi
1085 1810 1235 1863 viros
1278 1810 1577 1863 minimum
1624 1828 1721 1863 sex
1766 1827 1896 1863 cum
1943 1817 2180 1873 rectore,
2226 1826 2363 1878 qua-

733 1895 844 1950 lem
912 1895 1115 1961 effinxi,
1183 1896 1372 1951 mittat
1430 1897 1502 1950 ad
1558 1917 1681 1949 nos,
1762 1897 1887 1965 Ego
1948 1916 2083 1950 vero
2140 1895 2365 1951 confido

737 2001 864 2037 eam
910 2001 1028 2036 rem
1076 1992 1131 2038 et
1180 1985 1304 2037 Deo
1349 1983 1551 2036 honori
1595 1982 1780 2037 ethis
1822 1983 2148 2036 nationibus
2196 1982 2364 2038 saluti

732 2070 998 2124 futuram.
1075 2072 1325 2125 Tantum
1377 2071 1514 2124 mihi
1561 2072 1631 2125 de
1676 2070 1899 2140 egregia
1954 2078 2078 2126 tua·
2105 2069 2363 2139 benigni-

731 2165 851 2212 tate
903 2157 1189 2225 polliceor,
1244 2176 1339 2212 rex
1391 2158 1623 2227 optime,
1679 2165 1739 2213 ut
1790 2158 1959 2226 plane
2029 2174 2360 2226 persuasum

733 2245 975 2299 habeam
1038 2245 1156 2298 fore
1209 2255 1270 2299 ut
1323 2247 1394 2299 ad
1456 2255 1661 2299 caetera
1713 2246 2019 2316 singularia
2073 2255 2172 2300 tua
2230 2264 2361 2315 erga

734 2351 824 2388 me
870 2333 1146 2388 beneficia
1190 2332 1281 2388 hic
1328 2334 1489 2404 quasi
1535 2334 1793 2389 cumulus
1839 2334 2093 2389 accedat.

809 2421 909 2474 IV.
961 2421 1046 2474 Id.
1094 2420 1300 2489 Aprilis
1351 2422 1609 2480 MDLII.
