2649 3754
647 394 752 446 204
1020 394 1204 433 LIBER
1241 397 1369 434 VIII.
1392 413 1464 420 —·
1485 398 1778 436 EPISTOLA
1818 399 1904 437 111.

1125 652 1309 710 EPJ
1302 653 1350 711 S
1360 654 1424 711 T
1427 653 1614 713 OLA
1664 654 1802 713 III.

1021 880 1122 940 M.
1175 880 1457 942 Simoni
1508 880 1890 943 Roderico.

703 1110 787 1163 De
830 1106 1147 1181 Japonibus,
1195 1117 1343 1181 atque
1392 1113 1562 1167 Sociis
1607 1131 1662 1167 eo
1704 1112 2044 1177 destinandiS,
2092 1113 2270 1168 eadem

634 1196 854 1260 breviuS,
898 1216 1009 1267 quae
1054 1198 1264 1269 epistola
1306 1203 1359 1251 1.

705 1344 906 1397 Gratia
952 1352 1008 1397 et
1055 1344 1303 1397 charitas
1349 1347 1584 1398 Domini
1632 1345 1811 1398 nostri
1856 1348 1993 1416 Jesu
2050 1344 2266 1399 Christi

630 1430 743 1484 sint
788 1448 1013 1501 semper
1055 1431 1111 1484 in
1156 1432 1367 1486 nostris
1410 1433 1730 1486 animabus.
1810 1434 2016 1485 Amen.

640 1573 828 1709 DE
873 1578 1119 1647 Japonia
1166 1579 1429 1646 quaedam
1478 1587 1609 1631 sunt
1657 1597 1783 1647 quae
1827 1586 1884 1630 te
1928 1578 2072 1630 scire
2114 1577 2261 1641 volo,

825 1671 886 1716 ut
939 1663 1259 1732 cujusmodi
1319 1664 1601 1717 desideret
1656 1664 1749 1716 illa
1801 1664 2048 1717 cultores
2102 1663 2263 1717 intel-

627 1749 787 1817 ligas.

703 1836 956 1888 Primum
998 1836 1168 1904 igitur
1194 1837 1266 1889 ad
1295 1835 1444 1889 hanc
1483 1844 1714 1904 gentem
1761 1836 2076 1905 Evangelio
2114 1835 2262 1890 subi-

624 1925 872 1991 gendam
913 1925 1063 1975 viros
1106 1925 1272 1992 deligi
1307 1932 1531 1992 oportet
1572 1933 1856 1992 expertos,
1889 1933 1944 1976 et
1973 1925 2031 1975 in
2061 1943 2260 1977 aerum-

625 2011 713 2061 nis
777 2011 1154 2079 periculisque
1221 2019 1530 2079 spectatos,
1623 2011 1918 2079 Siquidem
1985 2011 2043 2062 in
2110 2013 2260 2062 Ban-

623 2098 824 2160 duensi
879 2098 1221 2167 reliquisque
1274 2099 1585 2150 academiis
1633 2098 1884 2150 maxima
1938 2116 2035 2150 eos
2082 2106 2259 2151 certa-

622 2184 776 2238 mina
829 2191 883 2238 et
930 2185 1260 2239 vexationes
1315 2192 1551 2238 manent
1605 2185 1960 2239 bonziorum.
2043 2187 2258 2240 Iterum

618 2270 750 2324 dico
815 2291 912 2324 eos
976 2269 1346 2325 vehementer
1419 2270 1770 2339 exagitatum
1836 2271 1920 2335 iri,
1988 2271 2133 2326 adeo
2198 2278 2257 2327 ut

617 2360 931 2428 periculum
977 2360 1048 2411 sit
1094 2380 1164 2411 ne
1209 2359 1315 2427 ipsi
1358 2368 1614 2428 pereant,
1665 2360 1801 2411 dum
1846 2360 1987 2411 alios
2035 2379 2259 2411 servare

616 2450 871 2512 student,
927 2450 1034 2499 nisi
1089 2449 1485 2518 magnitudine
1545 2449 1721 2499 animi
1775 2457 1830 2500 et
1887 2449 1995 2500 Dei
2049 2449 2259 2500 fiducia

616 2535 913 2586 excellant.
995 2535 1248 2587 Omnino
1290 2553 1516 2585 summa
1550 2535 1630 2585 eis
1671 2534 1878 2601 frigora
1920 2534 2257 2602 perferenda

613 2630 796 2685 erunt,
852 2641 985 2674 nam
1040 2623 1284 2674 Bandua
1331 2621 1511 2672 multo
1559 2621 1741 2689 magis
1787 2622 1858 2673 ad
1906 2621 2253 2690 Aquilonem

614 2727 786 2777 quam
829 2709 1248 2776 Amangucium
1291 2708 1497 2775 vergit;
1544 2707 1750 2759 inedia
1791 2708 1966 2760 etiam
2009 2707 2258 2761 toleran-

613 2796 703 2858 da,
753 2795 1026 2848 alimenta
1080 2795 1231 2848 enim
1285 2802 1493 2862 praeter
1538 2812 1787 2862 oryzam,
1839 2793 1994 2847 olera
2043 2801 2099 2848 et
2147 2793 2258 2848 alia

615 2883 879 2951 quaedam
928 2882 1227 2951 ejusmodi,
1263 2889 1396 2935 sunt
1444 2899 1581 2934 sane
1628 2880 1792 2933 levia.
1876 2880 2123 2934 Proinde
2169 2899 2259 2935 res

615 2971 755 3039 ipsa,
812 2980 871 3024 ut
924 2972 1100 3033 vides,
1166 2971 1318 3023 viros
1383 2988 1499 3022 non
1566 2969 1739 3022 modo
1805 2969 2014 3021 eximia
2080 2968 2256 3023 animi

612 3060 840 3122 virtute,
894 3078 1090 3111 verum
1145 3059 1318 3112 etiam
1374 3057 1598 3126 egregia
1667 3057 2083 3111 constitutione.
2135 3075 2254 3112 cor-

614 3147 768 3217 poris
814 3147 1053 3217 flagitat.
