2712 3754
793 344 861 398 34
1189 345 1371 387 LIBER
1410 347 1488 387 Vl.
1510 363 1581 371 -
1603 347 1892 405 EPISTOLA
1932 347 2007 389 IV.

861 476 1041 532 Video
1102 486 1293 533 autem
1352 480 1514 535 nobis
1566 499 1678 535 non
1731 481 1910 536 solum
1963 480 2183 544 labores
2232 481 2399 550 pluri-

788 580 912 618 mos
966 582 1032 619 ac
1090 565 1386 631 maximOS,
1446 568 1543 621 sed
1608 567 1780 622 etiam
1843 566 2139 636 perspicua
2203 565 2402 621 mortis

785 650 1033 720 pericula
1103 652 1159 705 in
1224 653 1347 724 ipso
1411 654 1609 708 itinere
1674 655 1981 729 subeunda.
2058 654 2397 727 Japonicum

784 740 889 795 iter
956 759 1090 796 sane
1156 743 1532 812 periculosum
1600 752 1703 809 est,
1770 752 1891 799 tum
1959 744 2031 797 ob
2088 743 2396 813 piratarum

786 849 851 881 ac
904 829 1139 900 syrtium
1194 831 1632 896 multitudinem,
1685 841 1806 886 tum
1857 850 1989 885 vero
2050 830 2122 884 ob
2185 830 2397 900 magni-

783 917 1039 971 tudinem
1107 927 1530 988 tempestatum,
1599 939 1723 989 quae
1793 929 1911 973 tam
1989 927 2209 971 atroces
2286 919 2394 971 exi-

783 1014 958 1069 stunt,
1007 1014 1068 1059 ut
1113 1007 1378 1076 praeclare
1424 1017 1624 1077 agatur
1668 1026 1796 1061 cum
1843 1006 1910 1059 iis
1956 1005 2049 1076 qui
2089 1004 2392 1077 Japoniam

782 1100 1001 1162 petunt,
1056 1094 1101 1146 si
1159 1095 1327 1147 tertia
1385 1113 1622 1166 quaeque
1679 1096 1954 1148 duntaxat
2007 1093 2166 1147 navis
2225 1092 2393 1146 inter-

781 1188 890 1234 eat.
969 1182 1049 1236 Ac
1108 1181 1245 1235 mihi
1304 1182 1528 1251 quidem
1590 1200 1737 1252 saepe
1793 1181 1948 1236 venit
2016 1181 2073 1234 in
2141 1187 2395 1235 mentem

779 1267 972 1331 vereri,
1043 1287 1113 1320 ne
1174 1277 1381 1321 nostrae
1444 1268 1744 1322 Societatis
1805 1267 2065 1320 homin-es
2131 1265 2390 1320 doctrina

778 1354 1001 1418 exculti,
1055 1356 1101 1409 si
1153 1355 1211 1408 in
1263 1355 1385 1410 haec
1436 1356 1558 1410 loca
1609 1355 1882 1419 venerint,
1935 1354 2162 1423 plenum
2215 1361 2390 1407 teme-

781 1438 965 1493 ritatis
1024 1440 1312 1511 negotium
1371 1450 1589 1511 putent,
1655 1441 1804 1511 quod
1867 1439 2125 1493 videatur
2187 1438 2393 1493 tentari

786 1529 941 1583 Deus
986 1536 1102 1584 tam
1151 1530 1359 1598 apertis
1404 1529 1664 1599 periculis
1716 1528 2005 1592 adeundiS,
2061 1527 2264 1596 quibus
2310 1533 2395 1582 tot

788 1615 1092 1684 depereant
1154 1636 1341 1669 naveS.
1420 1618 1630 1669 Verum
1695 1626 1753 1669 ut
1807 1636 1897 1668 me
1950 1613 2164 1684 collegi,
2218 1612 2395 1667 vereri

781 1703 1000 1768 desino,
1060 1704 1267 1774 quippe
1334 1722 1461 1758 cum
1535 1705 1836 1758 Societatis
1913 1712 2120 1771 nostrae
2194 1703 2396 1757 litteris

779 1789 1152 1860 litteratisque
1216 1791 1630 1845 inhabitantem
1679 1791 1911 1844 Domini
1964 1790 2223 1860 spiritum
2276 1810 2391 1843 mo-

781 1880 1105 1933 deraturum
1159 1897 1280 1933 esse
1325 1882 1626 1934 confidam.
1687 1880 1950 1950 Alioquin
1994 1880 2195 1933 litterae
2241 1879 2391 1932 haud

778 1965 946 2034 paulo
998 1965 1121 2034 plus
1174 1965 1495 2020 detrimenti
1548 1966 1809 2020 afferrent
1861 1984 2030 2035 quam
2083 1963 2387 2019 commodi.

854 2052 1135 2121 Equidem
1204 2052 1337 2104 illud
1404 2071 1627 2121 semper
1692 2052 1804 2105 fere
1874 2051 2226 2122 propositum
2294 2049 2390 2103 ha-

779 2141 902 2203 beo,
972 2141 1122 2209 quod
1189 2157 1254 2192 ex
1321 2140 1538 2209 optimo
1603 2147 1836 2208 parente
1904 2147 2099 2192 nostro
2167 2138 2391 2208 Ignatio

778 2223 983 2292 saepius
1036 2224 1241 2287 audivi,
1296 2232 1504 2279 nostrae
1559 2224 1859 2279 Societatis
1904 2223 2228 2278 hominibus
2273 2241 2389 2277 om-

778 2312 833 2363 ni
887 2332 993 2382 ope
1044 2321 1214 2381 atque
1266 2331 1436 2381 opera
1487 2312 1812 2364 enitendum
1866 2331 2006 2375 esse,
2061 2319 2121 2364 ut
2173 2330 2233 2363 se
2285 2311 2390 2381 ipsi

775 2399 1027 2463 vincant,
1094 2398 1437 2468 timoresque
1505 2398 1787 2468 depellant
1854 2415 2051 2452 omnes
2123 2398 2217 2467 qui
2290 2398 2389 2474 im-

776 2485 1102 2555 pedimento
1179 2504 1300 2539 esse
1382 2485 1564 2540 solent
1646 2485 1947 2554 quominus
2029 2503 2187 2553 spem
2271 2503 2388 2538 om-

777 2592 904 2625 nem
973 2582 1249 2642 reponant
1316 2573 1373 2624 in
1441 2592 1554 2625 uno
1624 2575 1765 2626 Deo.
1846 2572 1972 2626 Etsi
2039 2572 2190 2625 enim
2261 2591 2389 2642 spes

776 2668 830 2715 et
900 2660 1106 2714 fiducia
1176 2660 1365 2714 divina
1434 2661 1504 2714 ad
1579 2660 1684 2714 Dei
1755 2660 2045 2714 arbitrium
2124 2659 2388 2714 tribuitur

776 2745 1118 2809 hominibuS,
1171 2747 1500 2815 plerumque
1552 2754 1744 2799 tamen
1797 2746 2116 2815 impertitur
2159 2745 2246 2808 iis,
2294 2744 2388 2814 qui

775 2852 833 2887 se
885 2833 989 2904 ipsi
1043 2834 1198 2887 omni
1250 2834 1469 2887 ratione
1520 2851 1781 2904 superare
1840 2841 2135 2898 conantur,

849 2920 1079 2974 Etenim
1148 2927 1207 2974 ut
1279 2920 1519 2974 multum
1590 2920 1824 2974 interest
1894 2919 2039 2974 inter
2107 2936 2221 2982 eos,
2293 2918 2388 2987 qui

773 3007 938 3059 rebus
1015 3007 1346 3060 necessariis
1422 3006 1680 3059 instructi
1759 3008 1882 3059 Deo
1953 3006 2264 3068 confidunt,
2333 3011 2387 3056 et

774 3112 889 3159 eoS,
944 3096 1038 3165 qui
1090 3096 1286 3147 confisi
1338 3096 1536 3147 eodem
1601 3095 1814 3147 Christi
1870 3095 2133 3146 imitandi
2179 3093 2384 3156 studi0‚

222 3612 298 3658 ³¹¹².ss.
322 3624 326 3628 .
