2639 3798
665 366 852 413 211}ssss
888 366 992 408 vn.
1013 380 1085 397 -..--.-.
1106 340 1401 412 amsa-0123
1440 362 1503 406 11.
1803 365 1904 419 109

346 502 611 565 Christus
665 503 951 563 Dominus
996 520 1157 560 suam
1204 500 1493 556 mentibus
1548 500 1761 560 nostris
1809 518 1903 564 vo-

273 592 553 646 luntatem
600 589 868 654 declaret,
915 589 1175 659 viresque
1217 590 1290 643 ad
1334 606 1461 642 eam
1503 587 1752 658 perfecte
1780 607 1903 646 exe·

275 677 560 749 quendam
611 692 714 746 pro
766 693 869 730 sua
919 676 1179 730 bonitate
1231 676 1577 745 suppeditet.

350 764 463 816 III.
529 764 683 819 Non.
749 763 1032 821 Novemb.
1101 763 1441 818 MDXLIX.
1514 762 1903 833 Cangoximae.

418 879 602 931 Totus
638 887 827 932 vester
866 878 924 930 in
966 877 1215 931 Christo.

1432 995 1830 1047 FRAncxscus.

774 1399 1001 1462 EPIS
1009 1400 1074 1462 T
1077 1399 1261 1463 OLA
1311 1401 1407 1463 II.

280 1585 419 1648 ΡΡ.
472 1584 787 1666 Gaspari
831 1586 1160 1657 BarzaeO,
1207 1586 1632 1648 Balthasari
1676 1585 1906 1667 Gago,

678 1692 749 1744 et
791 1683 1068 1760 Jacobo
1117 1683 1505 1745 Carvallio.

478 1871 605 1933 Eos,
650 1871 882 1941 Gaspare
921 1871 1062 1932 duce,
1103 1870 1162 1921 in
1199 1863 1495 1939 Japom'am
1533 1876 1696 1924 vocat.

353 2017 554 2071 Gratia
618 2025 674 2069 et
738 2035 899 2069 amor
964 2017 1198 2069 Domini
1252 2016 1431 2070 nostri
1489 2018 1626 2088 Jesu
1695 2015 1911 2073 Christi

279 2105 425 2158 adsit
478 2121 708 2174 semper
760 2103 925 2157 nobis
977 2103 1185 2157 auxilio
1237 2112 1293 2158 et
1346 2102 1555 2157 favore.
1634 2104 1835 2159 Amen.

290 2245 504 2389 CUM
586 2251 642 2303 in
706 2250 794 2303 his
859 2251 1119 2323 Japoniae
1181 2251 1369 2321 regnis
1430 2267 1683 2321 praesens
1730 2252 1910 2306 anim·

453 2339 747 2392 advertam
809 2338 1246 2408 dispositionem
1304 2338 1582 2407 optimam
1644 2339 1718 2393 ad
1778 2338 1911 2394 insi-

279 2440 445 2489 gnem
496 2424 816 2493 profectum
864 2432 1073 2478 nostrae
1121 2432 1338 2478 sanctae
1382 2425 1532 2489 fidei,
1586 2433 1642 2478 et
1685 2425 1913 2480 aliunde

281 2512 561 2565 memoria
627 2519 883 2581 repetam
955 2511 1311 2565 inflammata
1377 2511 1657 2566 desideria
1708 2512 1913 2582 quibus

284 2595 495 2651 dudum
580 2600 836 2653 aestuatis
925 2599 1132 2652 divinae
1219 2600 1624 2668 promovendae
1699 2599 1911 2669 gloriae,

286 2683 625 2753 adjuvandis
696 2686 969 2757 proximis
1021 2686 1080 2739 in
1133 2704 1362 2739 suarum
1434 2685 1775 2740 invenienda
1827 2705 1912 2743 sa-

282 2767 397 2823 lute
442 2773 763 2827 animarum
779 2794 791 2836 ;
859 2774 915 2826 in
969 2792 1095 2827 eam
1148 2774 1415 2828 fiduciam
1458 2774 1744 2844 ingressus
1785 2793 1911 2828 sum

280 2864 338 2910 ut
390 2877 697 2930 sperarem,
752 2880 856 2932 pro
909 2880 975 2915 ea
1047 2870 1217 2932 quam
1278 2861 1450 2916 vestri
1518 2861 1702 2918 habeo
1766 2862 1911 2918 noti-

277 2944 373 3009 tia,
427 2966 541 3002 non
595 2950 928 3005 defuturam
982 2946 1160 3014 vobiS,
1219 2951 1344 3003 Deo
1409 2949 1661 3003 Domino
1714 2957 1913 3004 nostro

274 3030 529 3099 juvante,
617 3038 888 3092 virtutem
968 3046 1140 3108 atque
1232 3037 1613 3091 humilitatem
1682 3038 1911 3091 interio-

279 3132 413 3182 rem,
468 3139 711 3190 quarum
765 3141 873 3193 ope
937 3142 1004 3178 ac
1065 3123 1331 3194 praesidio
1397 3123 1629 3194 possitis
1693 3124 1913 3183 efficere
