2639 3798
646 361 829 401 LIBER
867 362 994 401 VIII.
1016 372 1089 384 ⁶—
1108 361 1401 401 EPISTOLA
1439 359 1577 400 XXII.
1822 357 1926 412 305

297 496 667 553 indelebiliter
720 506 834 552 tuae
893 498 1071 552 menti
1129 506 1251 552 tum
1310 517 1436 568 quae
1490 498 1593 552 tibi
1649 496 1924 567 suggessi,

294 593 411 639 tum
464 601 591 653 quae
643 583 737 636 illa
790 584 912 652 ipsa
975 584 1389 638 commentanti
1442 584 1546 639 tibi
1603 585 1761 637 Deus
1821 600 1922 652 per

293 688 452 726 suam
501 670 950 723 misericordiam
996 671 1271 741 inspirare
1319 670 1664 741 dignabitur.

363 758 525 809 Cum.
574 757 855 820 Patribus,
909 757 1026 809 sive
1077 757 1172 826 qui
1226 758 1380 810 domi
1445 766 1634 811 tecum
1701 756 1919 818 vivunt,

292 842 405 897 sive
456 842 552 911 qui
598 842 729 895 alibi
782 844 1053 911 degentes
1098 844 1201 896 tibi
1245 844 1503 906 subsunt,
1549 862 1653 912 age
1696 860 1921 911 semper

292 947 417 984 curn
484 947 691 998 magna
755 929 1054 993 modestia,
1119 929 1468 993 affabilitate,
1551 928 1922 998 indulgentia,

290 1016 409 1069 sine
453 1016 761 1084 asperitate
813 1016 923 1070 ulla
974 1017 1061 1069 vel
1103 1016 1271 1080 fastU‚
1326 1016 1433 1069 nisi
1480 1016 1525 1070 si
1569 1016 1666 1087 qui
1719 1034 1916 1070 eorum

289 1110 384 1156 tua
425 1101 817 1156 moderatione
849 1110 906 1155 et
938 1101 1258 1155 humilitate
1297 1102 1686 1156 abuterentur.
1753 1103 1917 1156 Tunc

289 1188 457 1254 enim,
509 1187 737 1247 intuens
788 1189 1064 1243 duntaxat
1117 1188 1421 1243 utilitatem
1480 1189 1754 1260 ipsorum,
1802 1207 1917 1241 non

288 1283 476 1331 autem
517 1276 677 1346 quasi
717 1276 1033 1330 dominium
1075 1278 1339 1330 sanciens
1379 1278 1671 1348 proprium
1713 1285 1770 1329 et
1803 1284 1916 1329 tuae

287 1360 641 1415 auctoritatis
680 1368 1076 1431 contemptum
1118 1362 1414 1426 ulciscens,
1457 1364 1763 1431 potestatis
1802 1371 1917 1417 tuae

289 1449 353 1503 iis
406 1449 628 1503 modice
691 1449 1040 1520 castigandis
1103 1449 1393 1520 specimen
1459 1451 1613 1513 edeS,
1679 1448 1916 1518 praecise

289 1542 564 1603 quantum
629 1552 772 1603 opus
836 1535 940 1590 erit
1005 1543 1066 1590 ut
1114 1543 1170 1590 et
1236 1537 1486 1606 prolapsi
1551 1538 1920 1591 subleventur

289 1621 684 1675 emendatione
754 1620 1091 1685 necessaria,
1146 1629 1201 1675 et
1257 1622 1522 1676 Fratrum
1589 1628 1913 1676 nostrorum

295 1708 387 1777 qui
434 1709 659 1778 culpam
708 1709 972 1765 viderunt
1025 1710 1259 1764 offensio
1305 1710 1514 1763 salubri
1562 1706 1923 1763 coercitionis

292 1794 548 1867 exemplo
590 1794 863 1848 deleatur.

359 1885 649 1955 Quidquid
689 1902 722 1940 a
764 1886 1027 1940 Patribus
1066 1894 1164 1939 aut
1205 1884 1502 1938 Fratribus
1541 1893 1745 1937 contra
1787 1883 1918 1937 obe-

290 1969 562 2024 dientiam
608 1970 955 2041 peccabitur,
1002 1970 1191 2039 aliqua
1235 1987 1406 2039 poena
1450 1972 1803 2035 vindicetur3
1865 1981 1920 2027 et

289 2059 344 2112 in
383 2060 492 2114 hoc
532 2061 894 2113 sacerdotum
936 2078 1105 2129 supra
1150 2058 1384 2111 clericos
1423 2065 1521 2111 aut
1561 2057 1737 2112 laicos
1777 2056 1918 2111 nihil

288 2144 473 2198 eximii
526 2163 648 2199 sors
700 2144 926 2199 habeat.
1007 2145 1066 2198 Si
1119 2146 1214 2214 qui
1267 2163 1296 2198 e
1346 2145 1450 2199 tibi
1503 2146 1775 2214 subjectis
1826 2163 1915 2198 su-

284 2233 452 2301 perbe
503 2252 563 2286 se
614 2240 805 2286 tecum
864 2239 1104 2302 gerent,
1134 2238 1190 2285 et
1243 2230 1509 2300 opinione
1562 2231 1647 2285 sui
1702 2231 1911 2286 tumidi

283 2320 641 2390 supercilium
692 2320 906 2374 elatum
951 2338 1018 2374 ac
1062 2319 1308 2373 frontem
1361 2319 1563 2373 duram
1615 2311 1911 2390 opponent

282 2406 392 2461 tuis
444 2408 693 2472 nutibUS,
741 2425 839 2461 eos
884 2415 946 2461 tu
991 2407 1241 2461 vicissim
1293 2424 1505 2476 preme,
1560 2407 1688 2476 plus
1734 2407 1909 2477 impe-

282 2493 442 2549 riosae
494 2495 813 2549 severitatis
866 2513 1037 2565 quam
1101 2494 1362 2563 benignae
1425 2493 1777 2547 affabilitatis
1839 2494 1913 2548 ad

283 2579 404 2636 illos
448 2583 746 2638 adhibens·
827 2585 981 2652 Ergo
1045 2600 1247 2652 poenas
1310 2583 1433 2635 istis
1498 2582 1746 2635 maxime
1809 2602 1913 2652 pro

281 2669 457 2740 culpis
502 2670 853 2742 quotidianis
896 2669 1152 2739 publicas
1198 2669 1455 2740 injunge;
1514 2688 1582 2724 ac
1624 2670 1782 2725 omni
1825 2688 1910 2725 ra·

281 2756 433 2811 tione
484 2759 718 2829 provide
787 2778 858 2811 ne
910 2757 1262 2811 debilitatem
1324 2760 1382 2810 in
1435 2765 1492 2811 te
1545 2757 1795 2834 aliquam
1847 2757 1906 2811 hi

283 2845 548 2911 sentiant,
603 2864 776 2917 seque
839 2846 1027 2900 timeri
1090 2853 1313 2915 putent,
1370 2845 1612 2915 ideoque
1678 2844 1912 2916 impune

283 2927 420 2985 ferre
500 2952 631 2986 cum
711 2932 820 2985 alia
872 2940 1003 2986 acta
1079 2949 1395 3001 perperam,
1474 2940 1597 2985 tum
1680 2948 1914 3002 praeser-

282 3017 382 3071 tim
450 3038 578 3091 quae
629 3028 830 3075 contra
898 3020 1320 3073 moderatorum
1374 3019 1675 3088 imperium
1737 3019 1913 3073 delin-

283 3115 479 3173 quunt.
