2639 3798
708 534 892 573 LIBER
930 534 1032 573 VII.
1054 549 1127 556 -·
1147 534 1440 573 EPISTOLA
1480 537 1518 572 Ι.
1858 537 1926 592 75

305 672 574 729 beneficio
627 680 869 723 mortem
923 669 1118 723 evasit.
1198 671 1245 723 A
1281 669 1466 738 capite
1520 672 1756 725 obrutus
1806 690 1926 726 um-

304 760 467 815 bilico
508 766 675 812 tenus
717 759 1126 827 aliquantisper
1167 758 1408 810 haeserat
1451 756 1508 809 in
1538 756 1780 823 sentina,
1823 758 1925 814 ita-

305 864 407 917 que
454 863 600 912 aegre
643 863 709 898 ac
754 862 962 912 magno
1007 843 1198 896 labore
1244 843 1536 897 hominem
1583 845 1926 898 extraximus

304 932 541 1004 graviter
582 932 640 984 in
683 929 871 1000 capite
913 928 1288 984 vulneratum.
1369 929 1483 982 Diu
1526 929 1802 984 exanimis
1838 932 1922 1001 ja-

304 1020 432 1082 cuit,
485 1018 584 1070 sed
639 1016 744 1070 Dei
798 1016 1151 1084 benignitate
1202 1017 1432 1070 demum
1488 1024 1785 1069 revocatus
1836 1025 1921 1071 est

304 1109 371 1163 ad
398 1105 658 1161 salutem.

373 1194 487 1249 Sub
533 1193 775 1263 primam
822 1192 991 1262 hujus
1036 1190 1406 1254 curationem,
1461 1208 1591 1245 ecce
1643 1190 1746 1245 tibi
1798 1192 1920 1261 pari

302 1282 454 1337 navis
490 1279 805 1351 jactatione
848 1277 1119 1331 navarchi
1161 1277 1274 1330 filia
1317 1278 1598 1331 excutitur
1636 1277 1693 1330 in
1735 1297 1890 1333 mare
1904 1299 1918 1342 ;

300 1384 536 1437 cumque
589 1373 817 1436 propter
868 1363 984 1417 vim
1036 1363 1396 1433 tempestatis
1448 1362 1654 1418 frustra
1705 1365 1756 1418 ei
1801 1365 1919 1435 opi-

299 1453 458 1508 tulari
524 1451 714 1506 conati
780 1467 1053 1513 essemUS,
1107 1450 1165 1502 in
1216 1451 1469 1518 parentis
1521 1449 1699 1519 ipsius
1749 1458 1920 1521 atque

298 1540 546 1594 omnium
593 1537 768 1590 oculis
813 1544 1046 1605 propter
1090 1536 1279 1589 navim
1327 1536 1583 1591 obruitur
1632 1537 1915 1591 fluctibus.

301 1628 449 1693 Ergo
490 1624 636 1678 tanti
698 1624 939 1692 ejulatus
983 1640 1051 1673 ac
1092 1621 1338 1690 gemitus
1384 1622 1534 1675 diem
1581 1623 1736 1676 illum
1785 1641 1918 1678 noc-

297 1719 520 1779 temque
571 1710 965 1777 insequentem
1019 1714 1341 1771 tenuerunt,
1390 1715 1451 1760 ut
1498 1708 1715 1777 species
1766 1717 1915 1762 esset

298 1798 601 1850 admodum
643 1795 844 1848 flebilis
871 1812 937 1847 ac
981 1793 1324 1857 miseranda,
1369 1794 1455 1846 vel
1498 1795 1570 1847 ob
1614 1813 1915 1849 moerorem

297 1885 676 1945 barbarorum,
724 1881 811 1934 vel
857 1882 928 1933 ob
975 1887 1232 1933 nostrum
1280 1880 1537 1934 omnium
1583 1881 1915 1950 periculum.

300 1969 435 2021 Inde
475 1968 698 2020 barbari
741 1968 814 2018 ad
856 1966 1067 2017 idolum
1117 1965 1410 2018 sacrificiis
1453 1985 1520 2019 ac
1564 1969 1919 2021 caeremoniis

296 2054 629 2123 placandum
682 2053 845 2117 versi,
902 2052 1052 2104 diem
1108 2058 1452 2119 noctemque
1504 2059 1707 2117 totam,
1770 2054 1922 2108 nulla

297 2141 496 2210 quietis
547 2148 707 2210 parte
759 2146 944 2207 capta,
1003 2137 1323 2191 mactandis
1375 2138 1574 2191 avibus
1628 2158 1917 2209 apponen-

297 2228 489 2296 disque
531 2227 683 2280 idolo
726 2226 904 2294 epulis
949 2232 1447 2292 consumpserunt.
1526 2227 1675 2279 Tum
1721 2245 1917 2280 navar-

296 2311 400 2366 cho
445 2331 542 2366 cur
586 2313 698 2365 filia
745 2330 846 2364 sua
891 2311 1200 2363 interiisset
1254 2311 1502 2363 sortibus
1552 2315 1915 2380 percontanti

296 2415 412 2451 sors
451 2400 653 2462 editur,
684 2399 729 2450 si
761 2397 1103 2449 Emmanuel
1147 2405 1340 2450 noster
1367 2398 1423 2449 in
1452 2400 1675 2452 sentina
1716 2401 1908 2469 periis-

296 2492 395 2549 set,
424 2486 544 2554 ejus
571 2486 742 2537 filiam
774 2502 1134 2553 nequaquam
1164 2482 1335 2535 fuisse
1362 2483 1692 2552 perituram.

362 2572 581 2625 Videtis
619 2571 874 2640 profecto
912 2578 1128 2638 quanto
1155 2571 1212 2622 in
1244 2570 1495 2639 periculo
1532 2590 1904 2639 versaremur,

293 2676 526 2728 quorum
569 2659 686 2712 vita
727 2676 793 2710 ex
821 2656 1029 2710 diaboli
1072 2656 1317 2710 sortibus
1359 2658 1630 2725 penderet
1673 2660 1909 2731 ejusque

294 2745 593 2800 satellitum
635 2746 947 2799 voluntate.
1027 2743 1177 2813 Quid
1204 2744 1438 2796 tandem
1467 2745 1632 2799 nobis
1659 2745 1909 2803 futurum

290 2828 468 2896 fuerit,
506 2831 552 2884 si
597 2833 753 2885 Deus
795 2830 1071 2884 acerrimo
1113 2831 1264 2882 hosti
1307 2831 1656 2898 permisisset
1701 2842 1760 2886 ut
1805 2853 1910 2887 nos

291 2919 361 2970 ad
399 2936 558 2972 suam
597 2919 891 2972 libidinem
938 2916 1238 2985 acciperet.
1316 2917 1536 2972 Tantas
1565 2937 1669 2989 ego
1697 2929 1910 2976 actam

291 3012 511 3071 apertas
556 3005 790 3073 injurias
845 3004 1076 3058 Christo
1131 3004 1383 3056 Domino
1429 3008 1758 3061 execrandis
1804 3009 1912 3063 illis

291 3093 461 3144 sacris
511 3093 629 3144 fieri
683 3111 812 3144 cum
865 3090 1133 3154 viderem,
1188 3108 1371 3160 neque
1423 3110 1518 3145 eas
1570 3094 1682 3147 ullo
1736 3097 1908 3151 modo

291 3193 513 3242 possem
565 3179 881 3246 prohibere,
937 3177 1142 3245 saepius
1189 3196 1221 3229 a
1270 3178 1396 3230 Deo
1447 3188 1710 3246 precatus
1762 3199 1906 3248 sum,

292 3268 351 3312 ut
395 3263 549 3332 prius
595 3282 766 3336 quam
818 3270 1168 3332 tempestate,
1213 3263 1305 3317 illa
1358 3263 1732 3331 interiremus,
1786 3268 1909 3325 illos
