2639 3798
720 357 907 397 INDEX
946 358 1308 397 GENERALIS.
1723 359 1827 414 429

320 497 401 542 illo
424 498 837 555 proficiscentibus,
861 501 917 543 de
939 499 1234 543 observantia
1259 498 1306 541 in
1328 497 1604 556 superiores,
1628 498 1710 539 hu-

319 557 541 601 manitate
568 558 616 600 in
645 559 871 611 subditos,
901 560 993 605 acri
1021 559 1232 602 omniurn
1262 572 1385 610 cura,
1413 572 1594 600 summa
1622 557 1708 599 sui.
1746 569 1823 610 131

201 637 445 681 EPISTOLA
475 638 555 680 V1.
572 640 709 681 -Β,
732 641 862 682 Petro
892 643 941 682 de
976 641 1124 697 Sylva,
1153 641 1360 697 proesecta
1384 639 1709 681 Malacensi.-—

317 695 508 741 Xaverii
545 699 602 740 ad
638 697 882 754 Japoniam
920 700 1151 742 adventus
1189 698 1330 741 Petro
1367 696 1710 740 adscribendus.

319 755 451 798 Pauli
476 755 668 812 Japonis
696 758 836 810 zelus,
858 757 1089 813 Japonum
1126 758 1181 799 ad
1218 757 1354 799 fidem
1390 755 1710 813 congruentia.

319 813 390 865 De
417 813 653 861 Meacensi
686 814 866 871 itinere,
901 816 1048 863 Sacaii
1080 815 1377 872 commercio,
1411 822 1458 862 et
1493 828 1711 873 compen-

319 876 578 925 diosissima
629 877 982 922 nundinatione.
1044 877 1114 921 De
1167 877 1443 921 liberalitate
1500 877 1547 919 in
1602 889 1711 920 neo-

319 936 503 993 phytos,
541 943 588 978 et
627 938 684 978 de
720 936 970 979 Dominico
1008 937 1120 979 Diaz
1125 968 1709 979 .........
1746 948 1827 989 144

203 1021 446 1066 EPISTOLA
475 1021 579 1065 VII.
597 1047 656 1053 -—
677 1022 888 1076 societati,
922 1023 1147 1067 Goam.—
1163 1023 1258 1066 Res
1284 1036 1311 1066 a
1337 1036 1386 1065 se
1409 1021 1711 1080 Cangoximae

318 1088 367 1125 et
397 1081 678 1138 Amangucii
710 1089 869 1140 gestae,
896 1082 983 1125 iter
1005 1083 1267 1134 Meacense,
1290 1089 1337 1125 et
1366 1081 1710 1139 Amangucium

318 1154 581 1198 regressus;
618 1140 712 1193 ubi,
746 1141 941 1186 devictis
979 1141 1155 1185 bonziis
1195 1140 1544 1198 profligatisque
1586 1154 1711 1197 quae—

317 1199 562 1250 stionibus,
593 1199 889 1242 christianam
924 1201 1061 1242 fidem
1098 1200 1285 1257 egregie
1322 1207 1496 1252 tuetur,
1530 1200 1710 1255 probat,

318 1259 578 1313 persuadet.
639 1258 841 1314 Japones
871 1258 1079 1302 discendi
1107 1258 1378 1311 avidissimi,
1404 1257 1711 1315 Sinarumque

316 1316 557 1374 sapientiae
592 1317 879 1373 probatores.
957 1348 1710 1360 ...........
1749 1329 1824 1371 151

199 1402 443 1446 EPISTOLA
472 1403 602 1446 VIII.
631 1429 690 1435 —-
723 1404 996 1460 Quibusdam
1037 1404 1363 1447 mercatoribus.
1395 1430 1455 1435 -—
1486 1403 1709 1448 officiosa

315 1461 525 1519 epistola,
555 1470 602 1506 et
630 1463 1011 1507 commendatitia
1040 1470 1314 1507 mercaturae
1343 1462 1554 1506 omnium
1584 1477 1709 1520 quae-

315 1522 619 1566 stuosissimae
622 1556 1703 1566 ................
1741 1524 1824 1566 16ο

204 1608 450 1654 EPISTOLA
483 1607 563 1653 IX.
580 1636 639 1643 -
659 1609 811 1663 Sociis,
833 1609 1079 1654 Malacam.
1096 1637 1156 1654 -,-
1172 1609 1241 1653 De
1270 1611 1528 1653 accuranda
1556 1625 1638 1653 sua
1666 1608 1713 1652 in

322 1668 497 1712 Indiam
535 1668 832 1726 navigatione
837 1704 1188 1712 ......
1247 1707 1249 1709 .
1254 1703 1706 1712 .......
1749 1669 1825 1711 161

586 1849 899 1910 LIBER
960 1849 1450 1912 OCTAVUS.

203 2045 447 2090 EPISTOLA
479 2048 512 2089 I.
546 2072 605 2079 -
631 2046 732 2089 Meo
772 2051 820 2089 in
866 2046 1042 2090 Christo
1082 2054 1230 2089 sancto
1269 2047 1405 2089 Patri
1443 2041 1631 2103 Ignaffio.
1655 2073 1713 2078 —

320 2105 488 2164 Ignatii
531 2105 702 2149 litterae
741 2105 945 2149 Xaverio
986 2105 1364 2163 jucundissimae;
1419 2106 1608 2150 Xaverii
1657 2109 1713 2150 de

320 2180 369 2209 se
410 2165 554 2208 animi
595 2179 772 2218 sensus,
815 2172 862 2209 et
901 2165 1136 2223 Ignatium
1180 2166 1370 2210 videndi
1414 2166 1711 2209 desiderium.

321 2226 568 2269 Rectorem
593 2225 760 2269 Goano
781 2226 996 2283 collegio,
1015 2232 1060 2269 et
1082 2225 1109 2273 J
1112 2225 1293 2282 aponiae
1318 2226 1564 2270 academiis
1587 2226 1715 2270 viros

321 2284 573 2329 mittendos
596 2284 772 2328 virtute
793 2299 844 2328 ac
868 2284 1078 2329 doctrina
1099 2292 1387 2341 praestantes.
1449 2285 1709 2337 AErumnae,

321 2345 515 2398 labores,
539 2343 744 2403 pericula
773 2344 820 2388 in
842 2344 1039 2402 Japonia
1052 2360 1066 2398 ‚·
1097 2344 1449 2403 Amanguciana
1476 2344 1687 2389 Ecclesia
1701 2361 1712 2397 ;

317 2405 549 2462 Japonum
587 2411 634 2448 et
674 2404 887 2448 Sinarum
927 2404 1120 2458 indoles,
1159 2405 1383 2458 doctrina,
1422 2404 1605 2459 litterae,
1642 2418 1713 2449 re·
1787 2408 1790 2410 ’

318 2463 445 2522 ligio.
508 2464 677 2521 Ignatii
700 2472 746 2508 et
771 2464 1015 2509 Societatis
1038 2464 1271 2508 universae
1292 2478 1452 2522 preces
1479 2464 1710 2522 implorat.
1749 2466 1827 2519 163

202 2544 446 2590 EPISTOLA
477 2545 608 2589 II.—-
621 2545 827 2605 societati
845 2548 892 2589 in
914 2544 1314 2604 Europam-De
1334 2544 1360 2594 J
1363 2544 1530 2603 aponia
1551 2545 1709 2590 rebus-

318 2619 408 2663 que
431 2605 602 2649 ibidem
626 2619 653 2648 a
674 2619 724 2649 se
746 2605 907 2663 gestis3
924 2606 980 2649 de
1003 2604 1275 2649 bonziorum
1294 2605 1392 2649 vita
1413 2613 1461 2649 et
1483 2605 1708 2658 moribus;

319 2667 376 2709 de
410 2665 644 2723 legatione
673 2664 928 2722 Bungensi,
962 2664 1175 2708 Sinarum
1213 2664 1532 2722 religionibus,
1569 2679 1620 2708 ac
1655 2667 1712 2709 de

318 2723 487 2781 opimis
525 2723 864 2781 Europaeorum
904 2723 1172 2767 sacerdotiis
1209 2737 1315 2768 cum
1356 2724 1553 2768 molesta
1589 2726 1710 2781 apud
1739 2779 1741 2782 Ι

317 2784 519 2840 Japones
552 2783 848 2827 concionaria
885 2783 981 2826 vita
1016 2783 1360 2826 commutandis
1365 2817 1709 2826 ......
1748 2795 1827 2836 177

203 2862 454 2923 EPISTOLAA
477 2863 562 2909 III.
592 2889 651 2895 —
678 2863 746 2909 M.
786 2864 961 2908 Simoni
992 2863 1219 2908 Roderico.
1248 2889 1307 2896 —-
1336 2863 1407 2908 De
1440 2862 1711 2920 Japonibus,

319 2930 457 2980 atque
501 2923 648 2968 Sociis
693 2936 749 2968 eo
796 2922 1096 2976 destinandis,
1147 2925 1307 2968 eadem
1355 2922 1557 2976 brevius,
1607 2937 1714 2981 quae

319 2984 516 3042 epistola
550 2984 586 3028 Ι.
662 3017 1705 3027 ...............
1743 2995 1825 3037 204
1889 3045 1891 3047 v

204 3055 445 3101 EPIs'rOLA
477 3057 555 3101 IV.
592 3082 651 3089 —-
685 3058 736 3100 P.
780 3056 935 3109 Paulo,
984 3057 1208 3100 Societatis
1248 3057 1374 3112 Jesu.
1404 3083 1463 3090 «-
1495 3056 1711 3111 MoraleS,

321 3116 566 3169 Gonzalez,
591 3117 761 3173 aliique
790 3117 852 3160 ob
877 3117 1136 3173 neglectam
1166 3117 1480 3161 obedientiam
1513 3131 1538 3158 e
1560 3118 1713 3161 Socie-
