2712 3754
777 332 842 370 10
1180 336 1365 370 LIBER
1404 335 1481 370 VI.
1505 349 1575 354 —
1602 323 1894 372 EPIsToLA
1935 334 1996 373 11.

769 470 1045 533 alacriter,
1120 472 1489 540 obsequendo
1558 472 1682 524 Deo
1750 469 2001 525 Domino
2058 475 2274 534 nostr0,
2330 470 2402 524 ad

769 554 1178 624 perfectionem
1243 557 1461 610 tendat.
1529 556 1714 610 Velim
1778 556 1970 619 etiam,
2038 564 2098 609 ut
2172 557 2403 610 nomine

769 641 1023 697 omnium
1100 642 1494 712 indigenarum
1563 645 1920 696 alumnorum
1986 631 2156 696 unus*
2195 645 2397 714 aliquis

768 731 1039 799 ipsorum,
1115 738 1254 798 puta
1315 732 1567 800 Jacobus
1632 749 1664 784 a
1732 731 2105 793 MosambiCO,
2171 731 2243 783 ad
2308 748 2398 783 me

772 816 1002 868 scribat.

843 902 965 952 Nec
1024 901 1204 952 nostri
1263 909 1593 969 exspectent
1650 903 1785 953 dum
1850 912 2079 953 mutuas
2141 901 2212 953 ab
2266 901 2403 970 ipsis

771 986 997 1039 eliciam
1065 987 1483 1055 praemittendis
1553 990 1624 1041 ad
1697 1006 2160 1058 unumquemque
2232 988 2402 1050 meis;

772 1075 844 1126 ad
893 1075 1045 1142 quod
1094 1074 1241 1127 sicut
1290 1073 1429 1126 mihi
1483 1074 1691 1128 caritas
1744 1075 2016 1137 abundat,
2070 1074 2149 1128 ita
2206 1067 2405 1145 (prout

770 1160 934 1215 facile
981 1181 1181 1214 omnes
1229 1162 1454 1226 vident)
1510 1163 1690 1215 otium
1744 1182 1858 1215 non
1908 1163 2178 1231 suppetit.
2236 1165 2406 1217 Hanc

771 1248 1073 1316 epistolam
1122 1248 1536 1301 communicari
1584 1248 1806 1301 cunctis
1860 1248 1997 1315 ipsis
2042 1248 2188 1310 vole,
2244 1265 2405 1315 rogo-

773 1350 881 1402 que
935 1339 994 1385 ut
1050 1331 1290 1402 quisque
1343 1331 1494 1386 velut
1544 1332 1648 1386 sibi
1694 1332 2032 1387 nominatim
2073 1333 2404 1405 inscriptam

771 1421 1034 1488 accipiat.

846 1509 981 1560 Istae
1035 1524 1206 1575 porro
1259 1507 1472 1560 chartae
1528 1508 1824 1570 universae,
1883 1515 2050 1577 prout
2103 1507 2241 1561 alias
2289 1526 2405 1561 mo-

774 1595 888 1658 nui,
955 1596 1258 1647 mittantur
1320 1595 1603 1647 Malacam
1666 1596 1737 1647 ad
1802 1595 2171 1648 Franciscum
2242 1596 2404 1649 Pere-

770 1683 939 1744 zium,
987 1682 1150 1749 cujus
1198 1698 1331 1732 cura
1375 1688 1528 1733 recte
1575 1681 1632 1732 in
1678 1680 1985 1749 Japoniam
2030 1680 2102 1732 ad
2148 1697 2239 1732 me
2282 1681 2405 1732 des-

771 1766 1125 1820 tinabuntur.

845 1856 992 1907 Cum
1045 1853 1151 1923 ipsi
1204 1872 1323 1916 VOS,
1379 1872 1591 1923 quaeso,
1648 1861 2016 1917 mementote,
2072 1862 2193 1906 tum
2248 1855 2441 1917 date,

770 1943 978 1993 amabo
1038 1959 1158 2002 vos,
1223 1958 1473 2008 operam,
1540 1948 1599 1992 ut
1663 1956 1862 1991 omnes
1932 1948 2123 2008 patres
2180 1938 2404 2013 frat-res-

770 2046 879 2098 que
946 2028 1124 2079 nostri
1189 2027 1570 2090 meminerint,
1628 2028 1751 2078 Deo
1806 2026 2062 2095 impense
2116 2043 2403 2080 commen-

770 2116 904 2169 dare
945 2114 1294 2182 quotidianis
1338 2113 1628 2167 sacrificiis
1675 2131 1740 2166 ac
1784 2113 2065 2180 precibuS,
2111 2112 2278 2181 plane
2322 2114 2402 2167 uti

772 2201 1072 2271 meipsum,
1128 2200 1426 2252 dominum
1473 2200 1806 2270 praefectum
1857 2201 2266 2265 Malacensem‚
2312 2219 2404 2256 cu-

764 2291 858 2359 jus
905 2299 1024 2343 tam
1070 2290 1357 2342 lucuienta
1403 2289 1460 2341 in
1509 2306 1613 2342 nos
1659 2306 1725 2341 ac
1781 2288 2129 2342 Societatem
2184 2287 2402 2342 univer·

771 2394 893 2430 sam
947 2383 1142 2429 extant
1195 2375 1491 2436 beneficia,
1547 2384 1607 2427 ut
1674 2374 1741 2426 iis
1807 2374 2188 2442 rependendis
2239 2374 2406 2443 piane

771 2464 1018 2532 impares
1072 2462 1267 2524 simus,
1317 2462 1423 2512 nisi
1473 2463 1961 2514 succenturiemus
2011 2462 2118 2514 Dei
2172 2463 2406 2514 Domini

772 2551 950 2604 nostri
1026 2550 1483 2617 omnipotentem
1551 2547 1989 2601 beneficentiam
2057 2547 2114 2600 in
2186 2547 2406 2617 supple-

773 2646 1028 2690 mentum
1096 2636 1367 2704 egestatis
1432 2645 1487 2688 et
1554 2636 1958 2687 imbecillitatis
2033 2644 2262 2700 nostrae,
2336 2654 2406 2687 ne

772 2726 1159 2794 turpissimam
1227 2725 1428 2790 ingrati
1493 2724 1669 2775 animi
1724 2723 2147 2776 consciscamus
2198 2723 2404 2775 labem.

846 2813 1096 2866 Litteras
1149 2829 1289 2879 quas
1351 2809 1714 2879 Ulyssipone‚
1765 2808 2150 2871 Conimbrica‚
2202 2810 2405 2870 Roma,

774 2902 835 2951 P.
881 2900 1131 2951 Simonis
1172 2907 1269 2950 aut
1311 2899 1550 2949 aliorum
1592 2914 1621 2949 e
1664 2897 1952 2950 Societate
1996 2896 2280 2966 recipietis
2327 2896 2405 2950 in-

772 2988 1014 3055 scriptas
1068 2986 1224 3049 mihi,
1282 2985 1438 3039 scitis
1486 2985 1606 3052 jam
1675 2983 1986 3036 mittendas
2053 3002 2177 3035 esse
2233 2982 2406 3035 Mala-

772 3094 897 3124 cam
945 3094 1088 3123 nave
1139 3075 1403 3122 Bandam
1452 3091 1646 3122 versus
1695 3072 1974 3122 solutura:
2026 3072 2112 3123 Sin
2154 3073 2225 3123 ad
2267 3079 2407 3124 tem-
