2639 3798
584 364 768 402 LIBER
805 364 931 403 VIII.
955 379 1025 385 -
1050 364 1340 403 EPISTOLA
1376 364 1528 403 XXVI.
1771 364 1875 418 347

252 493 636 549 morinensem
684 494 740 547 in
786 496 1046 548 morbum
1100 495 1373 559 incidunt,
1422 503 1477 549 et
1522 494 1658 549 illud
1711 494 1874 549 Cola-

251 598 431 634 nense
477 578 772 648 collegium
813 600 914 649 per
956 600 1092 634 sane
1133 582 1378 634 tenuiter
1419 581 1759 635 instructum
1803 580 1875 635 sit

256 687 286 721 a
331 684 503 719 censu
549 685 756 720 annuo.
835 671 1022 737 Quare
1071 671 1238 721 Pater
1291 668 1561 722 Nicolaus
1607 687 1708 721 suo
1748 668 1875 736 jure

181 744 184 747 Α
253 754 500 824 postulat
542 754 768 822 aliquod
812 773 1061 822 praesens
1107 756 1417 808 subsidium
1461 774 1491 808 e
1530 754 1697 823 regiis
1739 772 1871 823 pen·

257 839 508 894 sionibus
558 839 689 891 olim
743 840 949 893 debitis
1009 841 1244 908 collegio
1306 858 1409 893 nec
1463 858 1565 894 suo
1617 848 1874 909 tempore

257 922 452 977 solutis
467 942 478 983 ;
522 942 654 976 nam
691 922 797 976 illae
840 924 931 976 vix
975 943 1223 993 unquam
1266 925 1499 993 integrae
1543 926 1706 978 annis
1749 942 1873 992 pro-

256 1009 389 1080 priis
429 1010 771 1078 penduntur.

320 1097 457 1162 Age,
502 1112 601 1147 oro
642 1102 716 1159 te,
762 1112 890 1149 cum
938 1097 1171 1149 domino
1214 1105 1475 1166 praetore,
1516 1105 1575 1149 ut
1605 1096 1873 1165 quoniam

254 1183 305 1234 id
351 1182 502 1250 quod
551 1201 647 1234 rex
697 1181 772 1234 illi
819 1182 1012 1235 domui
1066 1182 1362 1236 constituit
1407 1182 1571 1251 plene
1616 1199 1873 1235 numera-

251 1278 370 1321 tum
424 1286 537 1319 non
590 1277 694 1331 est,
749 1269 1036 1321 residuum
1090 1288 1240 1321 nunc
1302 1270 1455 1321 istud
1508 1269 1875 1321 decursorum

250 1354 528 1408 fructuum
578 1355 627 1408 ei
670 1362 928 1425 tempore
973 1364 1092 1408 tam
1142 1356 1462 1408 necessario
1510 1362 1874 1424 repraesente-

251 1450 362 1501 tur3
405 1458 472 1492 ac
504 1441 548 1492 si
577 1441 627 1493 ei
654 1441 929 1504 videatur,
982 1443 1314 1495 mandatum
1357 1442 1572 1510 regium
1613 1441 1874 1509 expediat

249 1525 510 1595 praefecto
564 1527 870 1580 Colanensi
925 1529 1116 1581 statim
1172 1528 1411 1597 collegio
1470 1526 1873 1596 suppeditandi

252 1612 447 1666 saltem
488 1621 718 1666 centum
747 1614 994 1683 pardaOS,
1026 1615 1228 1682 quibus
1269 1615 1444 1668 ruinae
1486 1615 1690 1666 domus
1729 1612 1876 1665 illius

253 1699 467 1751 miserae
511 1708 818 1767 utcumque
860 1700 915 1750 in
960 1719 1212 1767 praesens
1260 1707 1668 1752 sustententur.

322 1787 427 1838 Per
489 1786 597 1838 Dei
666 1786 903 1838 Domini
972 1788 1148 1839 nostri
1202 1804 1459 1840 amorem
1512 1794 1569 1839 te
1620 1786 1875 1847 obsecre,

253 1873 320 1924 da
359 1872 642 1925 efficacem
680 1891 910 1941 operam
947 1880 1025 1936 ut,
1054 1873 1237 1941 prima
1270 1881 1400 1941 post
1437 1872 1699 1941 hyemem
1735 1879 1876 1925 tem-

251 1961 571 2028 pestivitate
629 1961 957 2029 navigandi,
1014 1961 1193 2013 solvat
1256 1961 1627 2013 Comorinum
1681 1976 1877 2011 versus

232 2066 392 2100 -unus
422 2048 724 2101 Societatis
764 2049 1031 2100 sacerdos
1067 2066 1192 2100 cum
1224 2048 1369 2100 laico
1411 2048 1689 2116 adjutore,
1714 2047 1878 2115 juxta

252 2134 401 2200 prius
441 2134 611 2197 dicta,
646 2135 740 2202 qui
782 2135 1001 2188 Colano
1042 2142 1423 2198 transeunteS‚
1453 2135 1507 2185 vi
1549 2134 1876 2202 diplomatis

254 2220 384 2287 regii
426 2221 577 2288 quod
622 2219 820 2282 ferent,
866 2230 1242 2273 memoratam
1286 2220 1544 2288 pecuniae
1591 2238 1876 2273 summam

255 2324 284 2356 a
309 2306 577 2374 praefecto
620 2316 906 2375 receptam
959 2307 1112 2360 Patri
1157 2307 1395 2359 Nicolao
1439 2308 1690 2359 tradant.

328 2393 414 2444 Ini
455 2410 736 2445 summam
778 2410 973 2445 eorum
1007 2411 1141 2461 *quae
1170 2411 1201 2444 a
1230 2410 1359 2460 rege
1398 2394 1602 2449 Goano
1642 2392 1878 2460 collegio

164 2510 166 2513 f
255 2477 550 2539 debentur3
594 2487 648 2530 et
678 2487 871 2546 satage
901 2480 1050 2546 apud
1081 2479 1371 2529 ministros
1399 2478 1601 2545 regios,
1632 2478 1877 2528 maxime

255 2571 569 2629 praetorem,
624 2572 685 2617 ut
737 2564 938 2617 litterae
991 2582 1056 2617 ac
1115 2564 1428 2632 diplomata
1486 2562 1876 2631 expediantur,

254 2666 375 2717 quae
446 2652 519 2704 ad
586 2651 926 2704 solutionem
986 2651 1263 2720 integram
1324 2668 1516 2702 eorum
1579 2649 1880 2702 efficaciter

257 2740 561 2806 urgendam
601 2739 901 2792 videantur
940 2740 1258 2791 suffectura.
1340 2740 1499 2810 Idem
1551 2738 1718 2790 simul
1775 2755 1878 2805 age

256 2841 353 2892 pro
395 2829 567 2879 domo
609 2828 950 2878 Armuziana
991 2835 1046 2878 et
1091 2827 1432 2877 Bazainensi
1476 2817 1741 2894 collegio(

322 2914 401 2965 Ac
443 2913 570 2965 vide
612 2932 682 2966 ne
723 2913 967 2966 molliter
1021 2922 1119 2966 aut
1176 2913 1417 2965 obnoxie
1473 2913 1700 2980 negotia
1755 2912 1877 2964 haec

255 3004 486 3062 tractes;
544 2999 780 3063 fortiter,
829 3019 894 3051 ac
939 3019 1083 3068 pene
1138 2998 1434 3067 praefracte
1489 2997 1728 3065 transigi
1784 2997 1876 3049 de-

255 3081 385 3139 bent
428 3103 516 3139 res
560 3087 906 3147 istiusmodi3
975 3088 1114 3139 dura
1160 3086 1427 3137 nimirum
1472 3093 1557 3137 est
1601 3093 1725 3136 tota
1768 3084 1877 3134 ista
