2639 3798
607 338 790 375 LIBER
827 339 904 375 VI.
926 353 997 359 -·
1017 338 1307 375 EPISTOLA
1345 339 1397 374 V.
1742 343 1807 392 41

200 485 423 532 uastam
476 477 779 546 quemdam
833 476 889 529 in
942 476 1049 528 illis
1098 478 1384 546 Japonum
1432 476 1631 530 insulis
1677 493 1815 530 sane

200 564 527 634 opulentum
609 582 676 615 ac
757 570 1069 629 potentem,
1153 580 1356 630 cupere
1440 562 1813 617 christianum

200 652 334 715 fieri,
406 652 639 721 jamque
714 650 1030 703 destinasse
1106 650 1177 701 ad
1253 657 1555 718 praetorem
1635 647 1813 702 Indiae

199 736 463 803 legatum,
522 735 617 803 qui
675 736 905 790 nomine
962 751 1064 789 suo
1120 737 1192 789 ab
1250 737 1343 789 illo
1394 745 1611 805 peteret
1666 737 1814 789 mitti

200 824 269 876 ad
326 842 386 874 se
441 822 703 875 doctores
759 818 1082 874 christianae
1147 819 1449 887 religioniS,
1516 837 1548 874 a
1612 820 1815 888 quibus

201 912 270 964 ad
321 911 492 963 fidem
550 909 880 962 erudiretur.
1473 973 1475 975 ‚

273 997 339 1049 In
368 996 513 1049 ‘aliis
563 997 635 1049 ad
688 1013 777 1048 me
823 995 1046 1064 proprie
1092 995 1241 1048 datis
1287 995 1558 1064 scriptum
1606 994 1814 1063 reperi:
1893 1012 1895 1014 ’

203 1080 491 1135 Lusitanis
546 1080 774 1150 aliquot.
822 1080 1268 1148 negotiatoribus
1320 1096 1514 1133 recens
1566 1078 1817 1148 appulsis

200 1169 255 1220 in
306 1175 520 1220 certam
569 1166 829 1238 Japoniae
881 1166 1185 1234 regionem,
1239 1173 1294 1218 et
1346 1165 1658 1234 hospitium
1719 1165 1814 1219 ubi

200 1252 615 1306 diversarentur
664 1252 1065 1320 quaerentibuS‚
1117 1251 1225 1305 loci
1276 1251 1530 1320 regulum
1583 1250 1814 1305 obtulis-

200 1356 257 1390 se
314 1337 588 1406 quasdam
647 1337 797 1390 aedes
852 1336 1061 1389 idcirco
1117 1336 1529 1390 habitatoribus
1580 1354 1808 1400 vacuaS,

199 1425 347 1493 quod
422 1431 570 1475 esset
644 1423 987 1493 experientia
1051 1431 1403 1491 compertum
1472 1442 1570 1476 eas
1637 1442 1671 1476 a
1740 1423 1813 1476 le-

201 1508 449 1563 muribus
509 1508 760 1563 infestari
821 1509 998 1562 solere
1057 1509 1439 1562 vehementer.
1520 1511 1815 1579 Ingressos

200 1615 265 1649 eo
332 1594 655 1658 Lusitanos,
723 1594 949 1663 ignaros
1014 1595 1136 1664 ejus
1201 1596 1320 1652 vitii
1391 1599 1553 1661 (nam
1606 1596 1664 1653 id
1720 1597 1815 1667 Ja-

200 1700 374 1752 pones
419 1690 607 1734 astute
652 1681 1196 1744 dissimulaverant),
1246 1680 1435 1733 mirari
1484 1699 1584 1751 per
1623 1687 1824 1734 noctes

200 1768 410 1836 aliquot
486 1768 700 1832 solitOS,
777 1768 882 1822 sibi
959 1769 1428 1823 decumbentibus
1503 1776 1698 1822 vestes
1767 1777 1823 1822 et

200 1855 528 1906 lectulorum
591 1854 760 1924 pallia
824 1854 1064 1916 detrahi,
1124 1855 1350 1906 nemine
1398 1856 1538 1907 dum
1585 1854 1822 1908 circum-

202 1942 477 2011 spicerent
513 1950 840 2011 apparente.
886 1944 1143 1993 Tandem
1180 1943 1424 2012 aliquem
1461 1961 1528 1993 ex
1563 1942 1814 2011 ipsorum

200 2025 408 2080 familia
473 2043 708 2095 puerum
775 2035 942 2082 nocte
1008 2028 1351 2097 intempesta
1420 2030 1540 2082 viso
1608 2029 1816 2097 spectri

201 2113 461 2167 horrendi
513 2121 958 2178 consternatum,
1011 2132 1149 2166 voce
1203 2114 1453 2167 maxima
1500 2113 1651 2184 paris
1702 2132 1825 2184 per-

201 2201 537 2256 turbationis
597 2201 782 2255 indice
847 2209 1083 2256 cunctos
1146 2202 1450 2264 excitasse3
1510 2203 1590 2255 ita
1646 2210 1708 2255 ut
1759 2219 1826 2255 ex

203 2289 390 2342 stratis
450 2289 797 2352 exsilienteS,
853 2307 980 2341 cum
1043 2289 1214 2341 armis
1273 2291 1353 2341 ad
1422 2288 1825 2343 vociferantem

202 2385 572 2441 accurrerent,
631 2378 792 2448 quasi
848 2378 960 2428 vim
1014 2385 1352 2429 nocturnam
1415 2397 1448 2429 a
1500 2375 1715 2430 furibus
1765 2375 1855 2434 il»

202 2462 369 2518 latam
431 2464 724 2533 repulsuri.
804 2465 916 2518 Sed
978 2482 1104 2519 curn
1169 2465 1461 2519 obseratas
1525 2464 1691 2529 foreS,
1744 2463 1825 2517 in-

203 2552 477 2603 columem
535 2570 601 2602 ac
658 2551 839 2603 solum
893 2551 1231 2620 reperissent
1284 2549 1582 2612 famulum,
1624 2567 1710 2603 ex
1759 2567 1828 2603 eo

202 2645 565 2703 percontatos
643 2654 742 2692 cur
816 2638 1204 2700 exclamasset,
1271 2638 1517 2690 audiisse
1582 2635 1721 2688 nihil
1772 2655 1828 2689 a·

203 2721 331 2787 liud,
398 2723 505 2776 nisi
567 2723 751 2776 visum
816 2721 920 2775 sibi
972 2722 1278 2775 terrificum
1337 2723 1622 2785 oblatum,
1676 2723 1828 2791 quod

215 2814 405 2861 tamen
461 2810 533 2882 ad
591 2810 790 2862 Crucis
847 2810 1069 2878 signum
1128 2827 1276 2882 ause
1336 2808 1642 2860 formatum
1703 2825 1829 2861 eva·

214 2894 443 2948 nuisset.
524 2894 677 2947 Hinc
729 2895 933 2947 deinde
986 2894 1134 2946 idem
1189 2912 1327 2961 puer
1378 2893 1585 2946 multas
1630 2893 1831 2948 Crucis

215 2976 420 3034 formas
474 2981 645 3034 variis
699 2998 799 3050 per
855 2982 1004 3033 aedes
1061 2981 1216 3043 lociS,
1270 2988 1324 3036 et
1377 2981 1447 3036 ad
1501 2978 1647 3034 ostia
1698 2995 1829 3033 con-

206 3063 439 3123 clavium
492 3067 774 3141 apposuit.
