2665 3754
759 346 862 400 372
1156 347 1340 389 LIBER
1380 347 1860 389 1x.—EP1sToLA
1906 347 1985 387 vi.

753 485 908 554 prius
947 495 1208 556 oportere
1249 487 1307 539 in
1348 495 1641 542 monetam
1683 507 1821 541 auro
1861 488 2156 551 duntaxat,
2199 505 2380 556 eoque

755 580 907 629 notae
939 573 1172 642 optimae
1205 574 1639 644 purissimoque,
1677 593 1892 629 cusam.
1949 574 2251 629 Delectum
2286 573 2383 644 igi-

754 667 846 716 tur
890 659 1053 724 habe,
1100 661 1337 715 consilio
1385 661 1716 731 peritorum,
1767 661 1914 715 inter
1960 661 2177 731 spec-ies
2222 678 2382 714 num-

757 765 980 807 morum
1018 765 1337 814 aureorum,
1378 767 1475 803 eos
1511 749 1584 804 ad
1622 748 1679 803 id
1716 766 2000 819 seponens
2032 765 2176 818 quos
2210 754 2383 804 mate-

754 833 837 888 ria
876 835 1157 889 conflatos
1196 835 1601 905 probatissima
1643 835 1701 888 in
1739 834 2003 889 confesso
2043 834 2135 889 sit.
2187 834 2389 890 Audivi

753 921 1022 976 celebrari
1074 940 1142 975 eo
1195 923 1426 976 nomine
1472 922 1729 976 Venetiis
1782 922 2038 991 signatos
2052 939 2064 983 ;
2120 928 2182 975 tu
2236 921 2384 985 vide,

749 1008 1096 1076 prudentum
1136 1008 1194 1061 in
1230 1026 1297 1061 eo
1334 1027 1540 1077 genere
1576 1008 1877 1071 sententia,
1915 1007 2216 1077 ecquinam
2259 1008 2377 1063 auri.

751 1095 1008 1151 bonitate
1064 1095 1132 1148 iis
1185 1112 1460 1164 suppares
1513 1103 1806 1164 putentur.

824 1182 910 1234 Ea
980 1181 1218 1235 materia
1290 1199 1499 1251 magno
1567 1181 1680 1237 illic
1747 1180 2214 1243 commutabitur,
2283 1196 2384 1248 pro

747 1267 918 1324 modo.
979 1268 1248 1337 ponderis
1311 1275 1366 1324 et
1428 1268 1606 1337 gradu
1671 1267 2016 1322 sinceritatis
2031 1286 2044 1328 ;
2111 1266 2381 1335 quoniam

746 1356 819 1407 ad
858 1355 1158 1409 caelaturas
1196 1370 1504 1418 armorum,
1549 1355 1645 1424 qui
1685 1354 1800 1407 fere
1841 1354 2044 1408 unicus
2083 1353 2206 1412 auri
2248 1370 2381 1407 usus

743 1439 803 1497 in
841 1441 1089 1510 Japonia
1131 1448 1235 1504 est,
1283 1457 1486 1497 aurum
1532 1439 1844 1509 exquiritur
1889 1438 2380 1509 purgatissimum.

818 1527 1004 1595 Quem
1045 1534 1372 1583 nostrorum
1413 1544 1564 1579 anno
1606 1525 1867 1595 sequenti
1907 1525 2080 1579 tertio
2124 1532 2180 1579 et
2221 1524 2381 1594 quin-

745 1612 1078 1682 quagesimo
1115 1612 1381 1682 expedies
1420 1611 1477 1667 in
1511 1612 1842 1684 Japoniam,
1879 1612 2097 1666 instrue
2135 1611 2381 1681 primum

746 1706 803 1754 et
845 1699 1125 1768 praemuni
1168 1699 1393 1768 egregia
1435 1699 1740 1769 patientia3
1797 1716 1934 1754 nam?
1977 1716 2044 1752 ea
2093 1698 2171 1752 illi
2218 1698 2384 1768 plane

748 1784 959 1843 invicta
999 1785 1102 1840 erit
1143 1804 1287 1854 opus
1326 1787 1398 1839 ad
1434 1785 1768 1854 perferenda
1809 1804 1938 1840 cum
1976 1784 2087 1840 viae.
2125 1803 2192 1837 ac
2232 1784 2384 1837 navi-

751 1870 1018 1939 gationiS,
1086 1879 1209 1925 tum
1280 1879 1586 1941 postquam
1655 1889 1722 1927 eo
1787 1871 2130 1940 pervenerit,
2205 1870 2387 1926 victus

753 1967 809 2016 et
852 1958 1224 2018 habitationis
1264 1959 1630 2016 incommoda
1673 1959 1940 2016 maxima.
2022 1960 2140 2013 Fac
2181 1957 2384 2016 deinde

755 2046 980 2117 copiam
1045 2066 1239 2105 secum
1306 2046 1447 2100 ferat
1514 2046 1781 2101 idoneam
1845 2046 2019 2117 panni
2084 2044 2384 2108 lusitanici,

757 2151 873 2202 quo
917 2151 995 2196 se,
1051 2151 1118 2191 ac
1165 2133 1366 2191 Socios
1419 2151 1563 2203 quos
1613 2133 1689 2188 ibi
1732 2133 1992 2203 reperiet,
2045 2141 2306 2203 protegat
2357 2150 2387 2185 a

756 2218 1055 2289 frigoribus
1088 2220 1252 2290 longe
1288 2220 1578 2277 acerrimis
1614 2219 2088 2290 rigidissimarum
2125 2219 2239 2278 illic
2274 2218 2385 2278 hie-

762 2325 937 2360 mum.
1017 2308 1176 2361 Vale.

905 2453 1063 2506 Tuus
1102 2452 1160 2505 in
1200 2452 1432 2506 Christo
1472 2452 1903 2506 amantissimus
1945 2454 2163 2515 Frater,

1919 2598 2318 2650 FRANCISCUS.
