<?xml version="1.0" encoding="UTF-8"?>
<!DOCTYPE html PUBLIC "-//W3C//DTD XHTML 1.0 Transitional//EN"
    "http://www.w3.org/TR/xhtml1/DTD/xhtml1-transitional.dtd">
<html xmlns="http://www.w3.org/1999/xhtml" xml:lang="en" lang="en">
 <head>
  <title>
</title>
<meta http-equiv="Content-Type" content="text/html;charset=utf-8" />
  <meta name='ocr-system' content='tesseract 3.04.00' />
  <meta name='ocr-capabilities' content='ocr_page ocr_carea ocr_par ocr_line ocrx_word'/>
</head>
<body>
  <div class='ocr_page' id='page_1' title='image "./pts_epistolae_3720-0638_v2/pts_epistolae_3720-0638_v2_0381.png"; bbox 0 0 2665 3754; ppageno 0'>
   <div class='ocr_carea' id='block_1_1' title="bbox 0 0 2660 3176">
    <p class='ocr_par' dir='ltr' id='par_1_1' title="bbox 0 0 2660 3176">
     <span class='ocr_line' id='line_1_1' title="bbox 0 0 532 578; baseline 0.026 -155"><span class='ocrx_word' id='word_1_1' title='bbox 0 0 532 578; x_wconf 95' lang='lat' dir='ltr'>    </span> 
     </span>
     <span class='ocr_line' id='line_1_2' title="bbox 0 578 239 761; baseline 0 -31"><span class='ocrx_word' id='word_1_2' title='bbox 0 578 239 761; x_wconf 95' lang='lat' dir='ltr'>   </span> 
     </span>
     <span class='ocr_line' id='line_1_3' title="bbox 0 761 241 912; baseline 0 0"><span class='ocrx_word' id='word_1_3' title='bbox 0 761 241 912; x_wconf 95' lang='lat' dir='ltr'>  </span> 
     </span>
     <span class='ocr_line' id='line_1_4' title="bbox 0 912 249 1364; baseline 0 -228"><span class='ocrx_word' id='word_1_4' title='bbox 0 912 249 1364; x_wconf 95' lang='lat' dir='ltr'>    </span> 
     </span>
     <span class='ocr_line' id='line_1_5' title="bbox 0 1364 249 1584; baseline 0 0"><span class='ocrx_word' id='word_1_5' title='bbox 0 1364 249 1584; x_wconf 95' lang='lat' dir='ltr'>  </span> 
     </span>
     <span class='ocr_line' id='line_1_6' title="bbox 0 1584 249 1965; baseline 0 -1"><span class='ocrx_word' id='word_1_6' title='bbox 0 1584 249 1965; x_wconf 95' lang='lat' dir='ltr'>    </span> 
     </span>
     <span class='ocr_line' id='line_1_7' title="bbox 0 1965 249 2202; baseline -0.036 0"><span class='ocrx_word' id='word_1_7' title='bbox 0 1965 249 2202; x_wconf 95' lang='lat' dir='ltr'>   </span> 
     </span>
     <span class='ocr_line' id='line_1_8' title="bbox 0 2202 331 2597; baseline 0 0"><span class='ocrx_word' id='word_1_8' title='bbox 0 2202 331 2597; x_wconf 95' lang='lat' dir='ltr'>  </span> 
     </span>
     <span class='ocr_line' id='line_1_9' title="bbox 0 2597 331 2926; baseline 0 -176"><span class='ocrx_word' id='word_1_9' title='bbox 0 2597 331 2926; x_wconf 95' lang='lat' dir='ltr'>    </span> 
     </span>
     <span class='ocr_line' id='line_1_10' title="bbox 0 2926 2660 3176; baseline 0 -83"><span class='ocrx_word' id='word_1_10' title='bbox 0 2926 727 3176; x_wconf 95' lang='lat' dir='ltr'>   </span> <span class='ocrx_word' id='word_1_11' title='bbox 2650 3008 2660 3093; x_wconf 95' lang='lat' dir='ltr'> </span> 
     </span>
    </p>
   </div>
   <div class='ocr_carea' id='block_1_2' title="bbox 737 345 1962 397">
    <p class='ocr_par' dir='ltr' id='par_1_2' title="bbox 737 345 1962 397">
     <span class='ocr_line' id='line_1_11' title="bbox 737 345 1962 397; baseline 0.001 -17"><span class='ocrx_word' id='word_1_12' title='bbox 737 345 842 397; x_wconf 76' lang='grc'>370</span> <span class='ocrx_word' id='word_1_13' title='bbox 1138 345 1324 381; x_wconf 88' lang='lat' dir='ltr'>LIBER</span> <span class='ocrx_word' id='word_1_14' title='bbox 1365 345 1438 381; x_wconf 84' lang='lat' dir='ltr'>lx.</span> <span class='ocrx_word' id='word_1_15' title='bbox 1457 361 1529 367; x_wconf 92' lang='lat'>—-</span> <span class='ocrx_word' id='word_1_16' title='bbox 1552 346 1845 382; x_wconf 86' lang='lat' dir='ltr'><strong>EPISTOLA</strong></span> <span class='ocrx_word' id='word_1_17' title='bbox 1883 346 1962 381; x_wconf 90' lang='lat' dir='ltr'>VI.</span> 
     </span>
    </p>
   </div>
   <div class='ocr_carea' id='block_1_3' title="bbox 813 472 2159 543">
    <p class='ocr_par' dir='ltr' id='par_1_3' title="bbox 813 472 2159 543">
     <span class='ocr_line' id='line_1_12' title="bbox 813 472 2159 543; baseline 0.001 -21"><span class='ocrx_word' id='word_1_18' title='bbox 813 474 969 524; x_wconf 90' lang='lat' dir='ltr'>Deus</span> <span class='ocrx_word' id='word_1_19' title='bbox 1020 489 1125 523; x_wconf 89' lang='lat' dir='ltr'>nos</span> <span class='ocrx_word' id='word_1_20' title='bbox 1177 472 1234 522; x_wconf 91' lang='lat' dir='ltr'>in</span> <span class='ocrx_word' id='word_1_21' title='bbox 1291 474 1546 524; x_wconf 82' lang='lat' dir='ltr'>Paradisi</span> <span class='ocrx_word' id='word_1_22' title='bbox 1599 474 1776 542; x_wconf 82' lang='lat' dir='ltr'>gloria</span> <span class='ocrx_word' id='word_1_23' title='bbox 1828 474 2159 543; x_wconf 83' lang='lat' dir='ltr'>conjungat.</span> 
     </span>
    </p>
   </div>
   <div class='ocr_carea' id='block_1_4' title="bbox 738 558 2361 696">
    <p class='ocr_par' dir='ltr' id='par_1_4' title="bbox 738 558 2361 696">
     <span class='ocr_line' id='line_1_13' title="bbox 814 558 2361 628; baseline 0.003 -17"><span class='ocrx_word' id='word_1_24' title='bbox 814 560 900 611; x_wconf 79' lang='lat' dir='ltr'>Ex</span> <span class='ocrx_word' id='word_1_25' title='bbox 957 558 1101 612; x_wconf 85' lang='lat' dir='ltr'>freto</span> <span class='ocrx_word' id='word_1_26' title='bbox 1153 559 1548 627; x_wconf 79' lang='lat' dir='ltr'>Sincapurano</span> <span class='ocrx_word' id='word_1_27' title='bbox 1588 561 1727 614; x_wconf 88' lang='lat' dir='ltr'><strong>XII.</strong></span> <span class='ocrx_word' id='word_1_28' title='bbox 1777 559 1899 613; x_wconf 85' lang='lat' dir='ltr'><strong>Kal.</strong></span> <span class='ocrx_word' id='word_1_29' title='bbox 1959 560 2199 628; x_wconf 84' lang='lat' dir='ltr'>Augusti</span> <span class='ocrx_word' id='word_1_30' title='bbox 2253 562 2361 617; x_wconf 90' lang='lat' dir='ltr'>An-</span> 
     </span>
     <span class='ocr_line' id='line_1_14' title="bbox 738 646 1590 696; baseline -0.004 0"><span class='ocrx_word' id='word_1_31' title='bbox 738 665 812 696; x_wconf 89' lang='lat' dir='ltr'>no</span> <span class='ocrx_word' id='word_1_32' title='bbox 871 646 1129 696; x_wconf 89' lang='lat' dir='ltr'><strong>MDLII.</strong></span> <span class='ocrx_word' id='word_1_33' title='bbox 1586 671 1590 673; x_wconf 93' lang='lat'>·</span> 
     </span>
    </p>
   </div>
   <div class='ocr_carea' id='block_1_5' title="bbox 881 792 1685 854">
    <p class='ocr_par' dir='ltr' id='par_1_5' title="bbox 881 792 1685 854">
     <span class='ocr_line' id='line_1_15' title="bbox 881 792 1685 854; baseline 0.002 -11"><span class='ocrx_word' id='word_1_34' title='bbox 881 793 1040 844; x_wconf 89' lang='lat' dir='ltr'>Tuus</span> <span class='ocrx_word' id='word_1_35' title='bbox 1084 792 1138 843; x_wconf 91' lang='lat' dir='ltr'>in</span> <span class='ocrx_word' id='word_1_36' title='bbox 1178 792 1412 845; x_wconf 86' lang='lat' dir='ltr'>Christo</span> <span class='ocrx_word' id='word_1_37' title='bbox 1468 794 1685 854; x_wconf 84' lang='lat' dir='ltr'><strong>Frater,</strong></span> 
     </span>
    </p>
   </div>
   <div class='ocr_carea' id='block_1_6' title="bbox 1890 938 2291 991">
    <p class='ocr_par' dir='ltr' id='par_1_6' title="bbox 1890 938 2291 991">
     <span class='ocr_line' id='line_1_16' title="bbox 1890 938 2291 991; baseline 0.002 -1"><span class='ocrx_word' id='word_1_38' title='bbox 1890 938 2291 991; x_wconf 82' lang='lat' dir='ltr'>FRANclscus.</span> 
     </span>
    </p>
   </div>
   <div class='ocr_carea' id='block_1_7' title="bbox 1220 1395 1880 1458">
    <p class='ocr_par' dir='ltr' id='par_1_7' title="bbox 1220 1395 1880 1458">
     <span class='ocr_line' id='line_1_17' title="bbox 1220 1395 1880 1458; baseline 0.002 -2"><span class='ocrx_word' id='word_1_39' title='bbox 1220 1395 1705 1458; x_wconf 80' lang='lat' dir='ltr'><em>EPISTOLA</em></span> <span class='ocrx_word' id='word_1_40' title='bbox 1773 1396 1880 1457; x_wconf 85' lang='lat' dir='ltr'>VI.</span> 
     </span>
    </p>
   </div>
   <div class='ocr_carea' id='block_1_8' title="bbox 1059 1624 2040 1704">
    <p class='ocr_par' dir='ltr' id='par_1_8' title="bbox 1059 1624 2040 1704">
     <span class='ocr_line' id='line_1_18' title="bbox 1059 1624 2040 1704; baseline -0.001 -17"><span class='ocrx_word' id='word_1_41' title='bbox 1059 1627 1136 1687; x_wconf 89' lang='lat' dir='ltr'>P.</span> <span class='ocrx_word' id='word_1_42' title='bbox 1193 1628 1293 1687; x_wconf 93' lang='lat' dir='ltr'>M.</span> <span class='ocrx_word' id='word_1_43' title='bbox 1344 1624 1656 1704; x_wconf 83' lang='lat' dir='ltr'>Gaspari</span> <span class='ocrx_word' id='word_1_44' title='bbox 1713 1625 2040 1687; x_wconf 84' lang='lat' dir='ltr'>BarzaeO.</span> 
     </span>
    </p>
   </div>
   <div class='ocr_carea' id='block_1_9' title="bbox 802 1853 2289 1927">
    <p class='ocr_par' dir='ltr' id='par_1_9' title="bbox 802 1853 2289 1927">
     <span class='ocr_line' id='line_1_19' title="bbox 802 1853 2289 1927; baseline -0.003 -16"><span class='ocrx_word' id='word_1_45' title='bbox 802 1862 883 1911; x_wconf 74' lang='lat' dir='ltr'>De</span> <span class='ocrx_word' id='word_1_46' title='bbox 934 1854 1149 1923; x_wconf 75' lang='lat' dir='ltr'>Joanne</span> <span class='ocrx_word' id='word_1_47' title='bbox 1194 1853 1407 1927; x_wconf 78' lang='lat' dir='ltr'>Japone</span> <span class='ocrx_word' id='word_1_48' title='bbox 1459 1856 1678 1925; x_wconf 78' lang='lat' dir='ltr'>aliisque</span> <span class='ocrx_word' id='word_1_49' title='bbox 1732 1855 1901 1907; x_wconf 82' lang='lat' dir='ltr'>Sociis</span> <span class='ocrx_word' id='word_1_50' title='bbox 1954 1855 2289 1925; x_wconf 78' lang='lat' dir='ltr'>opitulandis.</span> 
     </span>
    </p>
   </div>
   <div class='ocr_carea' id='block_1_10' title="bbox 724 2001 2354 2158">
    <p class='ocr_par' dir='ltr' id='par_1_10' title="bbox 724 2001 2354 2158">
     <span class='ocr_line' id='line_1_20' title="bbox 800 2001 2354 2073; baseline -0.005 -13"><span class='ocrx_word' id='word_1_51' title='bbox 800 2004 1001 2061; x_wconf 83' lang='lat' dir='ltr'>Gratia</span> <span class='ocrx_word' id='word_1_52' title='bbox 1065 2010 1120 2057; x_wconf 89' lang='lat' dir='ltr'>et</span> <span class='ocrx_word' id='word_1_53' title='bbox 1186 2019 1347 2056; x_wconf 81' lang='lat' dir='ltr'>amor</span> <span class='ocrx_word' id='word_1_54' title='bbox 1406 2001 1638 2054; x_wconf 89' lang='lat' dir='ltr'>Domini</span> <span class='ocrx_word' id='word_1_55' title='bbox 1706 2002 1885 2055; x_wconf 85' lang='lat' dir='ltr'>nostri</span> <span class='ocrx_word' id='word_1_56' title='bbox 1947 2003 2085 2073; x_wconf 91' lang='lat' dir='ltr'>Jesu</span> <span class='ocrx_word' id='word_1_57' title='bbox 2142 2001 2354 2055; x_wconf 82' lang='lat' dir='ltr'>Christi</span> 
     </span>
     <span class='ocr_line' id='line_1_21' title="bbox 724 2087 2283 2158; baseline -0.003 -11"><span class='ocrx_word' id='word_1_58' title='bbox 724 2091 872 2147; x_wconf 83' lang='lat' dir='ltr'>adsit</span> <span class='ocrx_word' id='word_1_59' title='bbox 925 2103 1150 2158; x_wconf 82' lang='lat' dir='ltr'><strong>semper</strong></span> <span class='ocrx_word' id='word_1_60' title='bbox 1202 2088 1366 2142; x_wconf 92' lang='lat' dir='ltr'>nobis</span> <span class='ocrx_word' id='word_1_61' title='bbox 1416 2088 1623 2142; x_wconf 84' lang='lat' dir='ltr'>auxilio</span> <span class='ocrx_word' id='word_1_62' title='bbox 1676 2096 1731 2143; x_wconf 90' lang='lat' dir='ltr'>et</span> <span class='ocrx_word' id='word_1_63' title='bbox 1793 2087 2001 2143; x_wconf 88' lang='lat' dir='ltr'>favore.</span> <span class='ocrx_word' id='word_1_64' title='bbox 2082 2090 2283 2143; x_wconf 88' lang='lat' dir='ltr'>Amen.</span> 
     </span>
    </p>
   </div>
   <div class='ocr_carea' id='block_1_11' title="bbox 877 2237 1446 2307">
    <p class='ocr_par' dir='ltr' id='par_1_11' title="bbox 877 2237 1446 2307">
     <span class='ocr_line' id='line_1_22' title="bbox 877 2237 1446 2307; baseline -0.005 -15"><span class='ocrx_word' id='word_1_65' title='bbox 877 2237 1151 2307; x_wconf 84' lang='lat' dir='ltr'>Magister</span> <span class='ocrx_word' id='word_1_66' title='bbox 1203 2238 1446 2305; x_wconf 85' lang='lat' dir='ltr'>Gaspar,</span> 
     </span>
    </p>
   </div>
   <div class='ocr_carea' id='block_1_12' title="bbox 733 2381 2355 2541">
    <p class='ocr_par' dir='ltr' id='par_1_12' title="bbox 733 2381 2355 2541">
     <span class='ocr_line' id='line_1_23' title="bbox 733 2381 2355 2525; baseline -0.001 -87"><span class='ocrx_word' id='word_1_67' title='bbox 733 2381 960 2525; x_wconf 81' lang='lat' dir='ltr'>CUM</span> <span class='ocrx_word' id='word_1_68' title='bbox 1006 2384 1174 2436; x_wconf 80' lang='lat' dir='ltr'>Patre</span> <span class='ocrx_word' id='word_1_69' title='bbox 1210 2381 1546 2436; x_wconf 78' lang='lat' dir='ltr'>Baithasare</span> <span class='ocrx_word' id='word_1_70' title='bbox 1582 2383 1746 2450; x_wconf 85' lang='lat' dir='ltr'>Gago</span> <span class='ocrx_word' id='word_1_71' title='bbox 1786 2389 1842 2436; x_wconf 93' lang='lat' dir='ltr'>et</span> <span class='ocrx_word' id='word_1_72' title='bbox 1884 2384 2052 2436; x_wconf 89' lang='lat' dir='ltr'>Petro</span> <span class='ocrx_word' id='word_1_73' title='bbox 2092 2383 2163 2437; x_wconf 91' lang='lat' dir='ltr'>de</span> <span class='ocrx_word' id='word_1_74' title='bbox 2195 2382 2355 2437; x_wconf 87' lang='lat' dir='ltr'>Alca-</span> 
     </span>
     <span class='ocr_line' id='line_1_24' title="bbox 899 2470 2352 2541; baseline -0.001 -17"><span class='ocrx_word' id='word_1_75' title='bbox 899 2489 1036 2525; x_wconf 86' lang='lat' dir='ltr'>ceva</span> <span class='ocrx_word' id='word_1_76' title='bbox 1072 2470 1237 2523; x_wconf 88' lang='lat' dir='ltr'>solvit</span> <span class='ocrx_word' id='word_1_77' title='bbox 1272 2472 1556 2539; x_wconf 83' lang='lat' dir='ltr'>Japonem</span> <span class='ocrx_word' id='word_1_78' title='bbox 1592 2487 1788 2523; x_wconf 91' lang='lat' dir='ltr'>versus</span> <span class='ocrx_word' id='word_1_79' title='bbox 1823 2471 2110 2524; x_wconf 88' lang='lat' dir='ltr'>Antonius</span> <span class='ocrx_word' id='word_1_80' title='bbox 2146 2473 2352 2541; x_wconf 82' lang='lat' dir='ltr'>Japon,</span> 
     </span>
    </p>
   </div>
   <div class='ocr_carea' id='block_1_13' title="bbox 721 2554 2354 3142">
    <p class='ocr_par' dir='ltr' id='par_1_13' title="bbox 721 2554 2347 2714">
     <span class='ocr_line' id='line_1_25' title="bbox 721 2554 2347 2627; baseline -0.002 -16"><span class='ocrx_word' id='word_1_81' title='bbox 721 2555 1046 2627; x_wconf 85' lang='lat' dir='ltr'>interpretis</span> <span class='ocrx_word' id='word_1_82' title='bbox 1087 2555 1214 2608; x_wconf 87' lang='lat' dir='ltr'>loeo</span> <span class='ocrx_word' id='word_1_83' title='bbox 1256 2554 1393 2623; x_wconf 90' lang='lat' dir='ltr'>ipsis</span> <span class='ocrx_word' id='word_1_84' title='bbox 1435 2554 1656 2609; x_wconf 88' lang='lat' dir='ltr'>futurus</span> <span class='ocrx_word' id='word_1_85' title='bbox 1698 2556 1886 2624; x_wconf 83' lang='lat' dir='ltr'>quoad</span> <span class='ocrx_word' id='word_1_86' title='bbox 1930 2555 2347 2624; x_wconf 85' lang='lat' dir='ltr'>Amangucium</span> 
     </span>
     <span class='ocr_line' id='line_1_26' title="bbox 726 2642 1108 2714; baseline -0.01 -16"><span class='ocrx_word' id='word_1_87' title='bbox 726 2642 1108 2714; x_wconf 90' lang='lat' dir='ltr'>pervenerint.</span> 
     </span>
    </p>

    <p class='ocr_par' dir='ltr' id='par_1_14' title="bbox 721 2728 2354 3142">
     <span class='ocr_line' id='line_1_27' title="bbox 799 2728 2354 2800; baseline -0.002 -17"><span class='ocrx_word' id='word_1_88' title='bbox 799 2729 1022 2784; x_wconf 87' lang='lat' dir='ltr'>Infiecti</span> <span class='ocrx_word' id='word_1_89' title='bbox 1078 2746 1138 2781; x_wconf 92' lang='lat' dir='ltr'>se</span> <span class='ocrx_word' id='word_1_90' title='bbox 1195 2746 1397 2796; x_wconf 84' lang='lat' dir='ltr'>passus</span> <span class='ocrx_word' id='word_1_91' title='bbox 1451 2737 1537 2781; x_wconf 91' lang='lat' dir='ltr'>est</span> <span class='ocrx_word' id='word_1_92' title='bbox 1595 2728 1736 2780; x_wconf 89' lang='lat' dir='ltr'>meis</span> <span class='ocrx_word' id='word_1_93' title='bbox 1790 2729 2053 2797; x_wconf 88' lang='lat' dir='ltr'>precibus</span> <span class='ocrx_word' id='word_1_94' title='bbox 2102 2733 2354 2800; x_wconf 84' lang='lat' dir='ltr'>Joannes</span> 
     </span>
     <span class='ocr_line' id='line_1_28' title="bbox 721 2812 2354 2888; baseline -0.001 -19"><span class='ocrx_word' id='word_1_95' title='bbox 721 2818 910 2888; x_wconf 85' lang='lat' dir='ltr'>Japon</span> <span class='ocrx_word' id='word_1_96' title='bbox 947 2814 1018 2867; x_wconf 84' lang='lat' dir='ltr'>ad</span> <span class='ocrx_word' id='word_1_97' title='bbox 1046 2814 1436 2883; x_wconf 75' lang='lat' dir='ltr'>praestandam</span> <span class='ocrx_word' id='word_1_98' title='bbox 1464 2812 1707 2866; x_wconf 89' lang='lat' dir='ltr'>similem</span> <span class='ocrx_word' id='word_1_99' title='bbox 1737 2833 1972 2882; x_wconf 81' lang='lat' dir='ltr'>operam</span> <span class='ocrx_word' id='word_1_100' title='bbox 2002 2815 2052 2868; x_wconf 92' lang='lat' dir='ltr'>ei</span> <span class='ocrx_word' id='word_1_101' title='bbox 2089 2835 2119 2869; x_wconf 91' lang='lat' dir='ltr'>e</span> <span class='ocrx_word' id='word_1_102' title='bbox 2148 2813 2354 2870; x_wconf 88' lang='lat' dir='ltr'>nostris</span> 
     </span>
     <span class='ocr_line' id='line_1_29' title="bbox 725 2900 2352 2972; baseline -0.003 -16"><span class='ocrx_word' id='word_1_103' title='bbox 725 2903 1012 2956; x_wconf 85' lang='lat' dir='ltr'>Sacerdoti</span> <span class='ocrx_word' id='word_1_104' title='bbox 1055 2911 1152 2953; x_wconf 82' lang='lat' dir='ltr'>aut</span> <span class='ocrx_word' id='word_1_105' title='bbox 1200 2901 1504 2952; x_wconf 83' lang='lat' dir='ltr'>sacerdotii</span> <span class='ocrx_word' id='word_1_106' title='bbox 1551 2902 1785 2969; x_wconf 85' lang='lat' dir='ltr'>experti,</span> <span class='ocrx_word' id='word_1_107' title='bbox 1834 2903 1930 2971; x_wconf 91' lang='lat' dir='ltr'>qui</span> <span class='ocrx_word' id='word_1_108' title='bbox 1976 2923 2127 2954; x_wconf 85' lang='lat' dir='ltr'>anno</span> <span class='ocrx_word' id='word_1_109' title='bbox 2172 2900 2352 2972; x_wconf 84' lang='lat' dir='ltr'>proxi-</span> 
     </span>
     <span class='ocr_line' id='line_1_30' title="bbox 732 2988 2354 3058; baseline -0.002 -15"><span class='ocrx_word' id='word_1_110' title='bbox 732 3007 823 3043; x_wconf 90' lang='lat' dir='ltr'>me</span> <span class='ocrx_word' id='word_1_111' title='bbox 863 2988 1122 3057; x_wconf 90' lang='lat' dir='ltr'>sequenti</span> <span class='ocrx_word' id='word_1_112' title='bbox 1165 2988 1479 3041; x_wconf 91' lang='lat' dir='ltr'>mittendus</span> <span class='ocrx_word' id='word_1_113' title='bbox 1521 2995 1607 3041; x_wconf 87' lang='lat' dir='ltr'>est</span> <span class='ocrx_word' id='word_1_114' title='bbox 1651 2988 1707 3040; x_wconf 92' lang='lat' dir='ltr'>in</span> <span class='ocrx_word' id='word_1_115' title='bbox 1742 2989 2070 3058; x_wconf 81' lang='lat' dir='ltr'>Japoniam,</span> <span class='ocrx_word' id='word_1_116' title='bbox 2113 3004 2354 3057; x_wconf 91' lang='lat' dir='ltr'>eumque</span> 
     </span>
     <span class='ocr_line' id='line_1_31' title="bbox 727 3073 2353 3142; baseline -0.002 -12"><span class='ocrx_word' id='word_1_117' title='bbox 727 3074 1119 3130; x_wconf 84' lang='lat' dir='ltr'>comitandum</span> <span class='ocrx_word' id='word_1_118' title='bbox 1198 3073 1613 3141; x_wconf 83' lang='lat' dir='ltr'>Amangucium</span> <span class='ocrx_word' id='word_1_119' title='bbox 1694 3093 1888 3142; x_wconf 89' lang='lat' dir='ltr'>usque.</span> <span class='ocrx_word' id='word_1_120' title='bbox 1978 3074 2129 3129; x_wconf 84' lang='lat' dir='ltr'>Huic</span> <span class='ocrx_word' id='word_1_121' title='bbox 2205 3075 2353 3128; x_wconf 91' lang='lat' dir='ltr'>bono</span> 
     </span>
    </p>
   </div>
   <div class='ocr_carea' id='block_1_14' title="bbox 2556 0 2660 62">
    <p class='ocr_par' dir='ltr' id='par_1_15' title="bbox 2556 0 2660 62">
     <span class='ocr_line' id='line_1_32' title="bbox 2556 0 2660 62; baseline 0 3692"><span class='ocrx_word' id='word_1_122' title='bbox 2556 0 2660 62; x_wconf 95' lang='lat' dir='ltr'> </span> 
     </span>
    </p>
   </div>
   <div class='ocr_carea' id='block_1_15' title="bbox 2648 1982 2660 2012">
    <p class='ocr_par' dir='ltr' id='par_1_16' title="bbox 2648 1982 2660 2012">
     <span class='ocr_line' id='line_1_33' title="bbox 2648 1982 2660 2012; baseline 0 1742"><span class='ocrx_word' id='word_1_123' title='bbox 2648 1982 2660 2012; x_wconf 95' lang='lat' dir='ltr'> </span> 
     </span>
    </p>
   </div>
   <div class='ocr_carea' id='block_1_16' title="bbox 2648 2066 2660 2082">
    <p class='ocr_par' dir='ltr' id='par_1_17' title="bbox 2648 2066 2660 2082">
     <span class='ocr_line' id='line_1_34' title="bbox 2648 2066 2660 2082; baseline 0 1672"><span class='ocrx_word' id='word_1_124' title='bbox 2648 2066 2660 2082; x_wconf 95' lang='lat' dir='ltr'> </span> 
     </span>
    </p>
   </div>
   <div class='ocr_carea' id='block_1_17' title="bbox 2648 2092 2660 2106">
    <p class='ocr_par' dir='ltr' id='par_1_18' title="bbox 2648 2092 2660 2106">
     <span class='ocr_line' id='line_1_35' title="bbox 2648 2092 2660 2106; baseline 0 1648"><span class='ocrx_word' id='word_1_125' title='bbox 2648 2092 2660 2106; x_wconf 95' lang='lat' dir='ltr'> </span> 
     </span>
    </p>
   </div>
   <div class='ocr_carea' id='block_1_18' title="bbox 2650 2152 2660 2164">
    <p class='ocr_par' dir='ltr' id='par_1_19' title="bbox 2650 2152 2660 2164">
     <span class='ocr_line' id='line_1_36' title="bbox 2650 2152 2660 2164; baseline 0 1590"><span class='ocrx_word' id='word_1_126' title='bbox 2650 2152 2660 2164; x_wconf 95' lang='lat' dir='ltr'> </span> 
     </span>
    </p>
   </div>
   <div class='ocr_carea' id='block_1_19' title="bbox 2650 2264 2660 2276">
    <p class='ocr_par' dir='ltr' id='par_1_20' title="bbox 2650 2264 2660 2276">
     <span class='ocr_line' id='line_1_37' title="bbox 2650 2264 2660 2276; baseline 0 1478"><span class='ocrx_word' id='word_1_127' title='bbox 2650 2264 2660 2276; x_wconf 95' lang='lat' dir='ltr'> </span> 
     </span>
    </p>
   </div>
   <div class='ocr_carea' id='block_1_20' title="bbox 0 3093 2660 3748">
    <p class='ocr_par' dir='ltr' id='par_1_21' title="bbox 0 3093 2660 3748">
     <span class='ocr_line' id='line_1_38' title="bbox 0 3093 2660 3748; baseline 0 -592"><span class='ocrx_word' id='word_1_128' title='bbox 0 3093 2660 3748; x_wconf 95' lang='lat' dir='ltr'>   </span> 
     </span>
    </p>
   </div>
  </div>
 </body>
</html>
