2639 3798
668 369 853 410 LIBER
891 369 1425 410 vn1.-—EP15T0LA
1466 370 1527 409 11.
1809 356 1911 426 187

286 502 518 557 dissime
558 502 884 567 audiebant,
924 503 1158 558 mirifice
1198 503 1644 569 delectabantur,
1688 520 1905 573 nosque

285 600 579 661 tamquam
623 592 774 643 viros
817 593 1018 645 doctos
1061 592 1475 661 suspiciebant:
1533 612 1658 661 quae
1702 591 1909 646 doctri-

287 696 375 732 nae
421 678 615 747 opinio
661 679 879 731 aditum
934 680 1098 731 nobis
1143 680 1410 749 patefecit
1458 681 1530 732 ad
1576 680 1908 749 religionem

288 765 344 818 in
390 782 586 818 eorum
633 765 839 818 animis
886 767 1203 820 serendam.
1245 820 1248 823 ,

363 853 413 905 Ε
467 870 670 906 novem
724 852 911 917 sectiS,
966 871 1092 922 quae
1139 854 1195 907 in
1239 854 1485 926 Japonia
1535 854 1745 923 vigent,
1779 866 1914 907 'una

288 940 564 992 duntaxat
618 939 886 993 mortales
938 940 1163 994 animos
1215 940 1367 1005 facit,
1423 960 1549 1010 quae
1599 959 1631 994 a
1683 947 1913 995 caetera-

288 1044 411 1079 rum
465 1026 891 1095 disciplinarum
947 1028 1215 1080 studiosis
1279 1027 1521 1081 habetur
1586 1027 1910 1080 deterrima.

293 1112 436 1181 Ejus
482 1120 653 1166 sectae
707 1112 968 1167 homines
1027 1114 1359 1182 nequissimi
1424 1114 1914 1183 flagitiossimique

288 1207 438 1264 sunt,
505 1218 688 1269 neque
753 1200 924 1254 ullam
990 1200 1297 1254 inferorum
1364 1202 1714 1255 mentionem
1773 1201 1915 1253 ferre

286 1293 545 1356 possunt.

359 1373 695 1443 Amangucii
724 1372 1003 1425 mensium
1035 1374 1275 1425 duorum
1309 1372 1513 1441 spati0,
1543 1381 1674 1441 post
1703 1372 1912 1426 multas

288 1460 779 1528 interrogationes,
854 1462 925 1512 ad
992 1461 1332 1529 quingentos
1411 1461 1674 1511 homines
1754 1479 1916 1511 sacra

287 1563 436 1614 aqua
498 1544 888 1600 lustravimus:
955 1547 1026 1600 ad
1087 1546 1191 1599 hos
1249 1546 1522 1616 quotidie,
1585 1548 1710 1599 Deo
1767 1548 1914 1599 bene

287 1630 528 1696 favente,
583 1630 797 1700 aliquot
850 1639 1245 1701 aggregantur.
1343 1631 1632 1703 Neophyti
1683 1633 1914 1686 bonzio-

287 1738 410 1771 rum
454 1718 975 1790 Japonicarumque
1024 1727 1306 1772 sectarum
1355 1719 1520 1773 nobis
1566 1718 1802 1774 insidias
1844 1738 1911 1774 ac

285 1806 509 1858 fraudes
573 1824 798 1857 summo
862 1807 1050 1857 studio
1115 1806 1433 1867 enuntiant,
1510 1805 1908 1873 egregiamque

286 1910 418 1963 erga
457 1910 561 1946 nos
602 1894 1056 1947 benevolentiam
1099 1902 1270 1963 atque
1326 1895 1747 1946 observantiam
1795 1913 1912 1963 prae

288 1996 346 2032 se
382 1978 567 2032 ferunt
608 1986 772 2032 tanta
814 1980 1132 2042 sedulitate,
1177 1987 1237 2032 ut
1281 1997 1378 2032 eos
1406 1981 1762 2046 confidamus
1790 1998 1913 2032 esse

287 2084 450 2119 veros
494 2084 906 2136 germanosque
952 2064 1312 2118 christianos

359 2154 819 2223 Amangucianos
847 2161 980 2206 ante
1009 2162 1336 2222 susceptum
1376 2153 1727 2222 baptismum
1758 2153 1913 2204 odio-

289 2257 383 2293 sus
435 2240 667 2309 quidam
721 2257 788 2293 ac
839 2240 1216 2308 permolestus
1269 2240 1564 2308 scrupulus
1626 2241 1914 2308 pungebat

288 2343 354 2379 ac
400 2325 757 2380 stimulabat:
819 2343 933 2379 non
985 2325 1163 2379 videri
1209 2325 1519 2394 benignum
1569 2332 1625 2379 et
1671 2324 1913 2379 clemen-

287 2422 403 2466 tem
455 2415 659 2476 Deum,
707 2412 802 2481 qui
845 2412 1162 2482 Japonibus
1214 2419 1347 2466 ante
1401 2418 1660 2466 nostrum
1707 2411 1915 2466 adven-

288 2508 410 2555 tum
464 2519 756 2571 nunquam
809 2519 868 2553 se
922 2501 1247 2564 indicasset,
1311 2498 1626 2569 praesertim
1680 2519 1814 2553 vero
1868 2499 1914 2552 si

289 2590 630 2659 quicumque
693 2591 880 2643 Deum
934 2607 1048 2642 non
1102 2588 1428 2652 coluissent,
1483 2590 1564 2642 uti
1618 2606 1722 2641 nos
1774 2607 1914 2657 prae-

289 2676 639 2741 dicabamu5‚
687 2676 915 2731 aeternis
961 2682 1124 2729 erant
1172 2675 1462 2744 suppliciis
1507 2675 1659 2744 apud
1707 2674 1917 2729 inferos

290 2763 596 2817 cruciandi.
701 2765 903 2833 Itaque
983 2762 1264 2832 majorum
1345 2779 1576 2814 suorum
1655 2761 1912 2815 omnium

292 2850 531 2906 salutem
585 2853 870 2906 desertam
924 2869 990 2904 ac
1047 2850 1332 2920 proditam
1386 2849 1653 2903 dicebant
1705 2850 1915 2915 abeo,

291 2939 384 3008 qui
431 2940 812 2994 commisisset
858 2947 919 2993 ut
966 2939 1156 2992 miseri
1202 2938 1297 3002 illi,
1346 2938 1609 2991 salutaris
1660 2938 1917 2992 veritatis

291 3026 617 3094 cognitione
679 3026 943 3089 fraudati,
997 3026 1068 3078 ad
1124 3025 1414 3078 interitum
1480 3033 1707 3078 ruerent
1772 3042 1917 3077 sem-

292 3113 597 3184 piternum.
703 3115 846 3169 Haec
909 3111 1032 3168 illos
1085 3111 1446 3168 odiosissima
1506 3110 1780 3184 cogitatio
1832 3110 1918 3168 vel
