<?xml version="1.0" encoding="UTF-8"?>
<!DOCTYPE html PUBLIC "-//W3C//DTD XHTML 1.0 Transitional//EN"
    "http://www.w3.org/TR/xhtml1/DTD/xhtml1-transitional.dtd">
<html xmlns="http://www.w3.org/1999/xhtml" xml:lang="en" lang="en">
 <head>
  <title>
</title>
<meta http-equiv="Content-Type" content="text/html;charset=utf-8" />
  <meta name='ocr-system' content='tesseract 3.04.00' />
  <meta name='ocr-capabilities' content='ocr_page ocr_carea ocr_par ocr_line ocrx_word'/>
</head>
<body>
  <div class='ocr_page' id='page_1' title='image "./pts_epistolae_3720-0638_v2/pts_epistolae_3720-0638_v2_0197.png"; bbox 0 0 2649 3754; ppageno 0'>
   <div class='ocr_carea' id='block_1_1' title="bbox 600 354 1835 407">
    <p class='ocr_par' dir='ltr' id='par_1_1' title="bbox 600 354 1835 407">
     <span class='ocr_line' id='line_1_1' title="bbox 600 354 1835 407; baseline -0.002 0"><span class='ocrx_word' id='word_1_1' title='bbox 600 354 701 407; x_wconf 85' lang='lat'><strong>188</strong></span> <span class='ocrx_word' id='word_1_2' title='bbox 977 369 1161 407; x_wconf 86' lang='lat' dir='ltr'>LIBER</span> <span class='ocrx_word' id='word_1_3' title='bbox 1198 362 1733 407; x_wconf 76' lang='lat' dir='ltr'><strong>v111.——EPIST0LA</strong></span> <span class='ocrx_word' id='word_1_4' title='bbox 1773 366 1835 406; x_wconf 91' lang='lat'><strong>11.</strong></span> 
     </span>
    </p>
   </div>
   <div class='ocr_carea' id='block_1_2' title="bbox 576 489 2261 3173">
    <p class='ocr_par' dir='ltr' id='par_1_2' title="bbox 585 489 2214 739">
     <span class='ocr_line' id='line_1_2' title="bbox 587 489 2214 557; baseline -0.001 -9"><span class='ocrx_word' id='word_1_5' title='bbox 587 495 831 549; x_wconf 86' lang='lat' dir='ltr'>maxime</span> <span class='ocrx_word' id='word_1_6' title='bbox 875 513 907 548; x_wconf 87' lang='lat' dir='ltr'><strong>a</strong></span> <span class='ocrx_word' id='word_1_7' title='bbox 949 489 1064 549; x_wconf 90' lang='lat' dir='ltr'><strong>veri</strong></span> <span class='ocrx_word' id='word_1_8' title='bbox 1114 494 1218 549; x_wconf 93' lang='lat' dir='ltr'><strong>Dei</strong></span> <span class='ocrx_word' id='word_1_9' title='bbox 1267 494 1421 549; x_wconf 89' lang='lat' dir='ltr'><strong>cultu</strong></span> <span class='ocrx_word' id='word_1_10' title='bbox 1470 494 1772 548; x_wconf 87' lang='lat' dir='ltr'><strong>revocabat</strong></span> <span class='ocrx_word' id='word_1_11' title='bbox 1788 512 1801 557; x_wconf 92' lang='lat'>;</span> <span class='ocrx_word' id='word_1_12' title='bbox 1858 511 2055 548; x_wconf 90' lang='lat' dir='ltr'><strong>verum</strong></span> <span class='ocrx_word' id='word_1_13' title='bbox 2107 493 2214 548; x_wconf 91' lang='lat' dir='ltr'><strong>Dei</strong></span> 
     </span>
     <span class='ocr_line' id='line_1_3' title="bbox 585 582 2213 650; baseline 0 -16"><span class='ocrx_word' id='word_1_14' title='bbox 585 583 861 636; x_wconf 91' lang='lat' dir='ltr'><strong>beneficio</strong></span> <span class='ocrx_word' id='word_1_15' title='bbox 925 601 1080 635; x_wconf 88' lang='lat' dir='ltr'><strong>error</strong></span> <span class='ocrx_word' id='word_1_16' title='bbox 1143 583 1222 635; x_wconf 91' lang='lat' dir='ltr'><strong>eis</strong></span> <span class='ocrx_word' id='word_1_17' title='bbox 1287 583 1473 636; x_wconf 90' lang='lat' dir='ltr'><strong>omnis</strong></span> <span class='ocrx_word' id='word_1_18' title='bbox 1539 591 1594 635; x_wconf 86' lang='lat' dir='ltr'><strong>et</strong></span> <span class='ocrx_word' id='word_1_19' title='bbox 1660 582 1955 650; x_wconf 91' lang='lat' dir='ltr'><strong>scrupulus</strong></span> <span class='ocrx_word' id='word_1_20' title='bbox 2026 600 2213 634; x_wconf 86' lang='lat' dir='ltr'><strong>exem-</strong></span> 
     </span>
     <span class='ocr_line' id='line_1_4' title="bbox 589 679 871 739; baseline -0.004 -15"><span class='ocrx_word' id='word_1_21' title='bbox 589 679 721 739; x_wconf 91' lang='lat' dir='ltr'><strong>ptus</strong></span> <span class='ocrx_word' id='word_1_22' title='bbox 767 679 871 724; x_wconf 88' lang='lat' dir='ltr'><strong>est.</strong></span> 
     </span>
    </p>

    <p class='ocr_par' dir='ltr' id='par_1_3' title="bbox 577 758 2261 1869">
     <span class='ocr_line' id='line_1_5' title="bbox 660 758 2208 826; baseline -0.001 -16"><span class='ocrx_word' id='word_1_23' title='bbox 660 759 912 811; x_wconf 86' lang='lat' dir='ltr'><strong>Primum</strong></span> <span class='ocrx_word' id='word_1_24' title='bbox 961 759 1111 810; x_wconf 92' lang='lat' dir='ltr'><strong>enim</strong></span> <span class='ocrx_word' id='word_1_25' title='bbox 1159 759 1677 811; x_wconf 87' lang='lat' dir='ltr'><strong>demonstravimus</strong></span> <span class='ocrx_word' id='word_1_26' title='bbox 1726 758 1977 810; x_wconf 89' lang='lat' dir='ltr'><strong>divinam</strong></span> <span class='ocrx_word' id='word_1_27' title='bbox 2025 758 2208 826; x_wconf 84' lang='lat' dir='ltr'><strong>legem</strong></span> 
     </span>
     <span class='ocr_line' id='line_1_6' title="bbox 585 845 2210 916; baseline -0.001 -16"><span class='ocrx_word' id='word_1_28' title='bbox 585 846 840 900; x_wconf 87' lang='lat' dir='ltr'><strong>omnium</strong></span> <span class='ocrx_word' id='word_1_29' title='bbox 920 864 1044 900; x_wconf 90' lang='lat' dir='ltr'><strong>esse</strong></span> <span class='ocrx_word' id='word_1_30' title='bbox 1121 846 1598 916; x_wconf 78' lang='lat' dir='ltr'><strong>antiquissimam.</strong></span> <span class='ocrx_word' id='word_1_31' title='bbox 1703 845 1998 916; x_wconf 84' lang='lat' dir='ltr'><strong>Siquidem</strong></span> <span class='ocrx_word' id='word_1_32' title='bbox 2076 853 2210 900; x_wconf 87' lang='lat' dir='ltr'><strong>ante</strong></span> 
     </span>
     <span class='ocr_line' id='line_1_7' title="bbox 584 934 2209 1005; baseline 0 -18"><span class='ocrx_word' id='word_1_33' title='bbox 584 934 792 988; x_wconf 90' lang='lat' dir='ltr'><strong>ascitas</strong></span> <span class='ocrx_word' id='word_1_34' title='bbox 838 934 910 987; x_wconf 88' lang='lat' dir='ltr'><strong>ab</strong></span> <span class='ocrx_word' id='word_1_35' title='bbox 959 934 1109 988; x_wconf 85' lang='lat' dir='ltr'><strong>Sinis</strong></span> <span class='ocrx_word' id='word_1_36' title='bbox 1155 934 1323 1003; x_wconf 80' lang='lat' dir='ltr'><strong>legeS,</strong></span> <span class='ocrx_word' id='word_1_37' title='bbox 1371 936 1640 1005; x_wconf 80' lang='lat' dir='ltr'><strong>JaponeS‚</strong></span> <span class='ocrx_word' id='word_1_38' title='bbox 1673 941 1875 988; x_wconf 87' lang='lat' dir='ltr'><strong>natura</strong></span> <span class='ocrx_word' id='word_1_39' title='bbox 1919 934 2209 1001; x_wconf 83' lang='lat' dir='ltr'><strong>magistra,</strong></span> 
     </span>
     <span class='ocr_line' id='line_1_8' title="bbox 582 1020 2205 1084; baseline -0.001 -10"><span class='ocrx_word' id='word_1_40' title='bbox 582 1021 838 1074; x_wconf 79' lang='lat' dir='ltr'><strong>sciebant</strong></span> <span class='ocrx_word' id='word_1_41' title='bbox 904 1020 1061 1073; x_wconf 86' lang='lat' dir='ltr'><strong>nefas</strong></span> <span class='ocrx_word' id='word_1_42' title='bbox 1125 1040 1249 1074; x_wconf 91' lang='lat' dir='ltr'><strong>esse</strong></span> <span class='ocrx_word' id='word_1_43' title='bbox 1313 1020 1603 1073; x_wconf 90' lang='lat' dir='ltr'><strong>hominem</strong></span> <span class='ocrx_word' id='word_1_44' title='bbox 1669 1021 1944 1084; x_wconf 86' lang='lat' dir='ltr'><strong>occidere,</strong></span> <span class='ocrx_word' id='word_1_45' title='bbox 2017 1020 2205 1084; x_wconf 90' lang='lat' dir='ltr'><strong>furari,</strong></span> 
     </span>
     <span class='ocr_line' id='line_1_9' title="bbox 582 1108 2261 1176; baseline 0.002 -17"><span class='ocrx_word' id='word_1_46' title='bbox 582 1110 861 1176; x_wconf 87' lang='lat' dir='ltr'><strong>pejerare;</strong></span> <span class='ocrx_word' id='word_1_47' title='bbox 929 1110 1178 1176; x_wconf 80' lang='lat' dir='ltr'><strong>itemque</strong></span> <span class='ocrx_word' id='word_1_48' title='bbox 1230 1108 1356 1170; x_wconf 80' lang='lat' dir='ltr'><strong>alia,</strong></span> <span class='ocrx_word' id='word_1_49' title='bbox 1412 1128 1537 1176; x_wconf 85' lang='lat' dir='ltr'><strong>quae</strong></span> <span class='ocrx_word' id='word_1_50' title='bbox 1590 1109 1786 1160; x_wconf 92' lang='lat' dir='ltr'><strong>decem</strong></span> <span class='ocrx_word' id='word_1_51' title='bbox 1841 1108 1948 1159; x_wconf 83' lang='lat' dir='ltr'><strong>illis</strong></span> <span class='ocrx_word' id='word_1_52' title='bbox 2002 1109 2209 1160; x_wconf 89' lang='lat' dir='ltr'><strong>divinis</strong></span> <span class='ocrx_word' id='word_1_53' title='bbox 2253 1156 2261 1162; x_wconf 92' lang='lat'><strong>.</strong></span> 
     </span>
     <span class='ocr_line' id='line_1_10' title="bbox 583 1195 2214 1263; baseline 0 -17"><span class='ocrx_word' id='word_1_54' title='bbox 583 1196 798 1263; x_wconf 85' lang='lat' dir='ltr'><strong>legibus</strong></span> <span class='ocrx_word' id='word_1_55' title='bbox 868 1195 1253 1256; x_wconf 88' lang='lat' dir='ltr'><strong>continentur,</strong></span> <span class='ocrx_word' id='word_1_56' title='bbox 1330 1203 1668 1263; x_wconf 83' lang='lat' dir='ltr'><strong>argumento</strong></span> <span class='ocrx_word' id='word_1_57' title='bbox 1761 1213 1885 1246; x_wconf 91' lang='lat' dir='ltr'><strong>esse</strong></span> <span class='ocrx_word' id='word_1_58' title='bbox 1951 1196 2102 1263; x_wconf 92' lang='lat' dir='ltr'><strong>quod</strong></span> <span class='ocrx_word' id='word_1_59' title='bbox 2169 1195 2214 1246; x_wconf 93' lang='lat' dir='ltr'><strong>si</strong></span> 
     </span>
     <span class='ocr_line' id='line_1_11' title="bbox 583 1281 2215 1351; baseline -0.001 -17"><span class='ocrx_word' id='word_1_60' title='bbox 583 1282 734 1351; x_wconf 93' lang='lat' dir='ltr'><strong>quod</strong></span> <span class='ocrx_word' id='word_1_61' title='bbox 799 1282 1080 1349; x_wconf 89' lang='lat' dir='ltr'><strong>ejusmodi</strong></span> <span class='ocrx_word' id='word_1_62' title='bbox 1146 1281 1327 1334; x_wconf 90' lang='lat' dir='ltr'><strong>scelus</strong></span> <span class='ocrx_word' id='word_1_63' title='bbox 1392 1281 1778 1344; x_wconf 87' lang='lat' dir='ltr'><strong>admisissent,</strong></span> <span class='ocrx_word' id='word_1_64' title='bbox 1847 1281 2215 1334; x_wconf 86' lang='lat' dir='ltr'><strong>conscientiae</strong></span> 
     </span>
     <span class='ocr_line' id='line_1_12' title="bbox 583 1359 2213 1437; baseline 0 -17"><span class='ocrx_word' id='word_1_65' title='bbox 583 1367 826 1421; x_wconf 88' lang='lat' dir='ltr'><strong>stimulis</strong></span> <span class='ocrx_word' id='word_1_66' title='bbox 878 1374 1291 1436; x_wconf 87' lang='lat' dir='ltr'><strong>torquerentur.</strong></span> <span class='ocrx_word' id='word_1_67' title='bbox 1369 1368 1500 1437; x_wconf 93' lang='lat' dir='ltr'><strong>Jam</strong></span> <span class='ocrx_word' id='word_1_68' title='bbox 1554 1367 1834 1420; x_wconf 89' lang='lat' dir='ltr'><strong>rationem</strong></span> <span class='ocrx_word' id='word_1_69' title='bbox 1882 1367 2065 1436; x_wconf 89' lang='lat' dir='ltr'><strong>ipsam</strong></span> <span class='ocrx_word' id='word_1_70' title='bbox 2116 1359 2213 1420; x_wconf 92' lang='lat' dir='ltr'><strong>do-</strong></span> 
     </span>
     <span class='ocr_line' id='line_1_13' title="bbox 582 1453 2212 1521; baseline -0.001 -16"><span class='ocrx_word' id='word_1_71' title='bbox 582 1471 708 1505; x_wconf 89' lang='lat' dir='ltr'><strong>cere</strong></span> <span class='ocrx_word' id='word_1_72' title='bbox 760 1453 1089 1521; x_wconf 86' lang='lat' dir='ltr'><strong>fugiendum</strong></span> <span class='ocrx_word' id='word_1_73' title='bbox 1145 1453 1375 1514; x_wconf 86' lang='lat' dir='ltr'><strong>malum,</strong></span> <span class='ocrx_word' id='word_1_74' title='bbox 1426 1454 1778 1521; x_wconf 91' lang='lat' dir='ltr'><strong>sequendum</strong></span> <span class='ocrx_word' id='word_1_75' title='bbox 1826 1454 2069 1514; x_wconf 88' lang='lat' dir='ltr'><strong>bonum;</strong></span> <span class='ocrx_word' id='word_1_76' title='bbox 2131 1453 2212 1505; x_wconf 93' lang='lat' dir='ltr'><strong>id-</strong></span> 
     </span>
     <span class='ocr_line' id='line_1_14' title="bbox 581 1541 2212 1611; baseline 0.001 -19"><span class='ocrx_word' id='word_1_77' title='bbox 581 1559 690 1610; x_wconf 92' lang='lat' dir='ltr'><strong>que</strong></span> <span class='ocrx_word' id='word_1_78' title='bbox 736 1549 939 1592; x_wconf 88' lang='lat' dir='ltr'><strong>natura</strong></span> <span class='ocrx_word' id='word_1_79' title='bbox 984 1541 1217 1591; x_wconf 89' lang='lat' dir='ltr'><strong>insitum</strong></span> <span class='ocrx_word' id='word_1_80' title='bbox 1261 1558 1383 1591; x_wconf 89' lang='lat' dir='ltr'><strong>esse</strong></span> <span class='ocrx_word' id='word_1_81' title='bbox 1427 1541 1484 1591; x_wconf 90' lang='lat' dir='ltr'><strong>in</strong></span> <span class='ocrx_word' id='word_1_82' title='bbox 1529 1542 1737 1592; x_wconf 90' lang='lat' dir='ltr'><strong>animis</strong></span> <span class='ocrx_word' id='word_1_83' title='bbox 1784 1541 2083 1593; x_wconf 93' lang='lat' dir='ltr'><strong>hominum</strong></span> <span class='ocrx_word' id='word_1_84' title='bbox 2131 1542 2212 1611; x_wconf 86' lang='lat' dir='ltr'><strong>sic</strong></span> 
     </span>
     <span class='ocr_line' id='line_1_15' title="bbox 577 1628 2208 1697; baseline 0.001 -17"><span class='ocrx_word' id='word_1_85' title='bbox 577 1646 826 1697; x_wconf 79' lang='lat' dir='ltr'><strong>prorSUS‚</strong></span> <span class='ocrx_word' id='word_1_86' title='bbox 872 1635 932 1680; x_wconf 94' lang='lat' dir='ltr'><strong>ut</strong></span> <span class='ocrx_word' id='word_1_87' title='bbox 975 1628 1181 1680; x_wconf 85' lang='lat' dir='ltr'><strong>divinae</strong></span> <span class='ocrx_word' id='word_1_88' title='bbox 1224 1628 1362 1695; x_wconf 80' lang='lat' dir='ltr'><strong>legis</strong></span> <span class='ocrx_word' id='word_1_89' title='bbox 1405 1628 1670 1680; x_wconf 90' lang='lat' dir='ltr'><strong>notitiam</strong></span> <span class='ocrx_word' id='word_1_90' title='bbox 1715 1645 1914 1680; x_wconf 89' lang='lat' dir='ltr'><strong>omnes</strong></span> <span class='ocrx_word' id='word_1_91' title='bbox 1943 1646 1975 1680; x_wconf 85' lang='lat' dir='ltr'><strong>a</strong></span> <span class='ocrx_word' id='word_1_92' title='bbox 2004 1636 2208 1681; x_wconf 86' lang='lat' dir='ltr'><strong>natura</strong></span> 
     </span>
     <span class='ocr_line' id='line_1_16' title="bbox 580 1713 2206 1782; baseline 0.001 -15"><span class='ocrx_word' id='word_1_93' title='bbox 580 1721 910 1782; x_wconf 77' lang='lat' dir='ltr'><strong>naturaeque</strong></span> <span class='ocrx_word' id='word_1_94' title='bbox 963 1721 1193 1767; x_wconf 89' lang='lat' dir='ltr'><strong>auctore</strong></span> <span class='ocrx_word' id='word_1_95' title='bbox 1242 1715 1366 1766; x_wconf 94' lang='lat' dir='ltr'><strong>Deo</strong></span> <span class='ocrx_word' id='word_1_96' title='bbox 1413 1713 1679 1777; x_wconf 91' lang='lat' dir='ltr'><strong>habeant,</strong></span> <span class='ocrx_word' id='word_1_97' title='bbox 1734 1713 2067 1782; x_wconf 89' lang='lat' dir='ltr'><strong>priusquam</strong></span> <span class='ocrx_word' id='word_1_98' title='bbox 2116 1732 2206 1768; x_wconf 89' lang='lat' dir='ltr'><strong>ac-</strong></span> 
     </span>
     <span class='ocr_line' id='line_1_17' title="bbox 580 1799 1109 1869; baseline -0.004 -16"><span class='ocrx_word' id='word_1_99' title='bbox 580 1800 744 1853; x_wconf 90' lang='lat' dir='ltr'><strong>cedat</strong></span> <span class='ocrx_word' id='word_1_100' title='bbox 793 1799 1109 1869; x_wconf 84' lang='lat' dir='ltr'><strong>disciplina.</strong></span> 
     </span>
    </p>

    <p class='ocr_par' dir='ltr' id='par_1_4' title="bbox 576 1887 2213 3173">
     <span class='ocr_line' id='line_1_18' title="bbox 654 1887 2203 1957; baseline 0.001 -17"><span class='ocrx_word' id='word_1_101' title='bbox 654 1888 721 1940; x_wconf 96' lang='lat' dir='ltr'><strong>Id</strong></span> <span class='ocrx_word' id='word_1_102' title='bbox 764 1889 906 1940; x_wconf 86' lang='lat' dir='ltr'><strong>adeo</strong></span> <span class='ocrx_word' id='word_1_103' title='bbox 935 1887 980 1939; x_wconf 93' lang='lat' dir='ltr'><strong>si</strong></span> <span class='ocrx_word' id='word_1_104' title='bbox 1009 1887 1243 1939; x_wconf 92' lang='lat' dir='ltr'><strong>dubium</strong></span> <span class='ocrx_word' id='word_1_105' title='bbox 1287 1887 1588 1950; x_wconf 91' lang='lat' dir='ltr'><strong>videretur,</strong></span> <span class='ocrx_word' id='word_1_106' title='bbox 1632 1887 1871 1955; x_wconf 85' lang='lat' dir='ltr'><strong>experiri</strong></span> <span class='ocrx_word' id='word_1_107' title='bbox 1915 1887 1972 1940; x_wconf 91' lang='lat' dir='ltr'><strong>in</strong></span> <span class='ocrx_word' id='word_1_108' title='bbox 2014 1888 2203 1957; x_wconf 90' lang='lat' dir='ltr'><strong>aliquo</strong></span> 
     </span>
     <span class='ocr_line' id='line_1_19' title="bbox 578 1974 2204 2045; baseline 0.002 -18"><span class='ocrx_word' id='word_1_109' title='bbox 578 1975 762 2038; x_wconf 88' lang='lat' dir='ltr'><strong>licere,</strong></span> <span class='ocrx_word' id='word_1_110' title='bbox 829 1974 923 2044; x_wconf 94' lang='lat' dir='ltr'><strong>qui</strong></span> <span class='ocrx_word' id='word_1_111' title='bbox 989 1974 1303 2043; x_wconf 77' lang='lat' dir='ltr'><strong>disciplinae</strong></span> <span class='ocrx_word' id='word_1_112' title='bbox 1368 1975 1554 2027; x_wconf 93' lang='lat' dir='ltr'><strong>omnis</strong></span> <span class='ocrx_word' id='word_1_113' title='bbox 1619 1993 1818 2045; x_wconf 87' lang='lat' dir='ltr'><strong>expers</strong></span> <span class='ocrx_word' id='word_1_114' title='bbox 1883 1976 1940 2028; x_wconf 92' lang='lat' dir='ltr'><strong>in</strong></span> <span class='ocrx_word' id='word_1_115' title='bbox 2008 1985 2204 2030; x_wconf 90' lang='lat' dir='ltr'><strong>monte</strong></span> 
     </span>
     <span class='ocr_line' id='line_1_20' title="bbox 579 2062 2206 2133; baseline 0.002 -20"><span class='ocrx_word' id='word_1_116' title='bbox 579 2062 768 2130; x_wconf 92' lang='lat' dir='ltr'><strong>aliquo</strong></span> <span class='ocrx_word' id='word_1_117' title='bbox 821 2079 886 2114; x_wconf 89' lang='lat' dir='ltr'><strong>ac</strong></span> <span class='ocrx_word' id='word_1_118' title='bbox 939 2062 1244 2115; x_wconf 80' lang='lat' dir='ltr'><strong>solitudine</strong></span> <span class='ocrx_word' id='word_1_119' title='bbox 1297 2062 1369 2115; x_wconf 91' lang='lat' dir='ltr'><strong>sit</strong></span> <span class='ocrx_word' id='word_1_120' title='bbox 1422 2063 1715 2126; x_wconf 78' lang='lat' dir='ltr'><strong>educatUS,</strong></span> <span class='ocrx_word' id='word_1_121' title='bbox 1772 2064 1893 2116; x_wconf 89' lang='lat' dir='ltr'><strong>sine</strong></span> <span class='ocrx_word' id='word_1_122' title='bbox 1946 2064 2058 2116; x_wconf 85' lang='lat' dir='ltr'><strong>ulla</strong></span> <span class='ocrx_word' id='word_1_123' title='bbox 2111 2082 2206 2133; x_wconf 90' lang='lat' dir='ltr'><strong>pa-</strong></span> 
     </span>
     <span class='ocr_line' id='line_1_21' title="bbox 576 2147 2207 2218; baseline 0.001 -17"><span class='ocrx_word' id='word_1_124' title='bbox 576 2148 811 2202; x_wconf 88' lang='lat' dir='ltr'><strong>triarum</strong></span> <span class='ocrx_word' id='word_1_125' title='bbox 867 2147 1053 2216; x_wconf 82' lang='lat' dir='ltr'><strong>legum</strong></span> <span class='ocrx_word' id='word_1_126' title='bbox 1108 2148 1452 2215; x_wconf 84' lang='lat' dir='ltr'><strong>cognitione.</strong></span> <span class='ocrx_word' id='word_1_127' title='bbox 1534 2148 1819 2201; x_wconf 88' lang='lat' dir='ltr'><strong>Nimirum</strong></span> <span class='ocrx_word' id='word_1_128' title='bbox 1878 2148 2207 2218; x_wconf 91' lang='lat' dir='ltr'><strong>hujusmodi</strong></span> 
     </span>
     <span class='ocr_line' id='line_1_22' title="bbox 578 2234 2206 2304; baseline 0.001 -16"><span class='ocrx_word' id='word_1_129' title='bbox 578 2235 889 2298; x_wconf 86' lang='lat' dir='ltr'><strong>hominem,</strong></span> <span class='ocrx_word' id='word_1_130' title='bbox 945 2234 1130 2287; x_wconf 90' lang='lat' dir='ltr'><strong>omnis</strong></span> <span class='ocrx_word' id='word_1_131' title='bbox 1183 2234 1449 2288; x_wconf 79' lang='lat' dir='ltr'><strong>humanae</strong></span> <span class='ocrx_word' id='word_1_132' title='bbox 1504 2235 1817 2304; x_wconf 81' lang='lat' dir='ltr'><strong>disciplinae</strong></span> <span class='ocrx_word' id='word_1_133' title='bbox 1871 2238 2070 2289; x_wconf 87' lang='lat' dir='ltr'><strong>rudem</strong></span> <span class='ocrx_word' id='word_1_134' title='bbox 2123 2244 2206 2290; x_wconf 88' lang='lat' dir='ltr'><strong>at-</strong></span> 
     </span>
     <span class='ocr_line' id='line_1_23' title="bbox 578 2323 2208 2393; baseline 0.001 -17"><span class='ocrx_word' id='word_1_135' title='bbox 578 2342 687 2393; x_wconf 92' lang='lat' dir='ltr'><strong>que</strong></span> <span class='ocrx_word' id='word_1_136' title='bbox 739 2323 1016 2391; x_wconf 87' lang='lat' dir='ltr'><strong>ignarum,</strong></span> <span class='ocrx_word' id='word_1_137' title='bbox 1071 2323 1116 2374; x_wconf 93' lang='lat' dir='ltr'><strong>si</strong></span> <span class='ocrx_word' id='word_1_138' title='bbox 1170 2323 1613 2391; x_wconf 85' lang='lat' dir='ltr'><strong>interrogaretur</strong></span> <span class='ocrx_word' id='word_1_139' title='bbox 1672 2331 1861 2376; x_wconf 89' lang='lat' dir='ltr'><strong>utrum</strong></span> <span class='ocrx_word' id='word_1_140' title='bbox 1915 2324 2208 2377; x_wconf 88' lang='lat' dir='ltr'><strong>hominem</strong></span> 
     </span>
     <span class='ocr_line' id='line_1_24' title="bbox 578 2408 2213 2480; baseline 0.002 -19"><span class='ocrx_word' id='word_1_141' title='bbox 578 2410 855 2472; x_wconf 88' lang='lat' dir='ltr'><strong>occidere,</strong></span> <span class='ocrx_word' id='word_1_142' title='bbox 903 2408 1092 2472; x_wconf 89' lang='lat' dir='ltr'><strong>furari,</strong></span> <span class='ocrx_word' id='word_1_143' title='bbox 1142 2427 1207 2462; x_wconf 90' lang='lat' dir='ltr'><strong>ac</strong></span> <span class='ocrx_word' id='word_1_144' title='bbox 1255 2418 1462 2462; x_wconf 85' lang='lat' dir='ltr'><strong>caetera</strong></span> <span class='ocrx_word' id='word_1_145' title='bbox 1515 2411 1796 2477; x_wconf 91' lang='lat' dir='ltr'><strong>ejusmodi</strong></span> <span class='ocrx_word' id='word_1_146' title='bbox 1844 2429 1970 2480; x_wconf 88' lang='lat' dir='ltr'><strong>quae</strong></span> <span class='ocrx_word' id='word_1_147' title='bbox 2018 2412 2213 2465; x_wconf 90' lang='lat' dir='ltr'><strong>divina</strong></span> 
     </span>
     <span class='ocr_line' id='line_1_25' title="bbox 578 2497 2209 2563; baseline 0.001 -16"><span class='ocrx_word' id='word_1_148' title='bbox 578 2497 665 2548; x_wconf 87' lang='lat' dir='ltr'><strong>lex</strong></span> <span class='ocrx_word' id='word_1_149' title='bbox 709 2503 882 2557; x_wconf 89' lang='lat' dir='ltr'><strong>vetat,</strong></span> <span class='ocrx_word' id='word_1_150' title='bbox 932 2503 1169 2563; x_wconf 89' lang='lat' dir='ltr'><strong>peccata</strong></span> <span class='ocrx_word' id='word_1_151' title='bbox 1231 2504 1420 2548; x_wconf 88' lang='lat' dir='ltr'><strong>essent</strong></span> <span class='ocrx_word' id='word_1_152' title='bbox 1469 2514 1668 2559; x_wconf 87' lang='lat' dir='ltr'><strong>necne,</strong></span> <span class='ocrx_word' id='word_1_153' title='bbox 1721 2515 1858 2549; x_wconf 91' lang='lat' dir='ltr'><strong>num</strong></span> <span class='ocrx_word' id='word_1_154' title='bbox 1906 2499 1976 2549; x_wconf 86' lang='lat' dir='ltr'><strong>ab</strong></span> <span class='ocrx_word' id='word_1_155' title='bbox 2023 2498 2209 2550; x_wconf 88' lang='lat' dir='ltr'><strong>istius-</strong></span> 
     </span>
     <span class='ocr_line' id='line_1_26' title="bbox 581 2583 2211 2653; baseline 0.002 -19"><span class='ocrx_word' id='word_1_156' title='bbox 581 2583 734 2635; x_wconf 89' lang='lat' dir='ltr'><strong>modi</strong></span> <span class='ocrx_word' id='word_1_157' title='bbox 797 2583 964 2634; x_wconf 90' lang='lat' dir='ltr'><strong>rebus</strong></span> <span class='ocrx_word' id='word_1_158' title='bbox 1026 2590 1344 2650; x_wconf 88' lang='lat' dir='ltr'><strong>temperare</strong></span> <span class='ocrx_word' id='word_1_159' title='bbox 1408 2591 1624 2636; x_wconf 91' lang='lat' dir='ltr'><strong>rectum</strong></span> <span class='ocrx_word' id='word_1_160' title='bbox 1687 2592 1868 2637; x_wconf 89' lang='lat' dir='ltr'><strong>esset:</strong></span> <span class='ocrx_word' id='word_1_161' title='bbox 1937 2584 2211 2653; x_wconf 83' lang='lat' dir='ltr'><strong>profectO,</strong></span> 
     </span>
     <span class='ocr_line' id='line_1_27' title="bbox 580 2668 2212 2740; baseline 0.003 -20"><span class='ocrx_word' id='word_1_162' title='bbox 580 2669 833 2737; x_wconf 87' lang='lat' dir='ltr'><strong>inquam,</strong></span> <span class='ocrx_word' id='word_1_163' title='bbox 881 2668 1174 2721; x_wconf 92' lang='lat' dir='ltr'><strong>hominem</strong></span> <span class='ocrx_word' id='word_1_164' title='bbox 1221 2669 1376 2721; x_wconf 90' lang='lat' dir='ltr'><strong>illum</strong></span> <span class='ocrx_word' id='word_1_165' title='bbox 1421 2668 1686 2722; x_wconf 79' lang='lat' dir='ltr'><strong>humanae</strong></span> <span class='ocrx_word' id='word_1_166' title='bbox 1730 2670 2046 2740; x_wconf 87' lang='lat' dir='ltr'><strong>disciplinae</strong></span> <span class='ocrx_word' id='word_1_167' title='bbox 2089 2671 2212 2725; x_wconf 91' lang='lat' dir='ltr'><strong>fun-</strong></span> 
     </span>
     <span class='ocr_line' id='line_1_28' title="bbox 578 2754 2212 2822; baseline 0.001 -16"><span class='ocrx_word' id='word_1_168' title='bbox 578 2755 730 2806; x_wconf 90' lang='lat' dir='ltr'><strong>ditus</strong></span> <span class='ocrx_word' id='word_1_169' title='bbox 759 2754 1038 2821; x_wconf 85' lang='lat' dir='ltr'><strong>ignarum,</strong></span> <span class='ocrx_word' id='word_1_170' title='bbox 1071 2754 1149 2805; x_wconf 91' lang='lat' dir='ltr'><strong>ita</strong></span> <span class='ocrx_word' id='word_1_171' title='bbox 1190 2755 1262 2805; x_wconf 90' lang='lat' dir='ltr'><strong>ad</strong></span> <span class='ocrx_word' id='word_1_172' title='bbox 1315 2754 1438 2805; x_wconf 87' lang='lat' dir='ltr'><strong>haec</strong></span> <span class='ocrx_word' id='word_1_173' title='bbox 1478 2772 1903 2822; x_wconf 86' lang='lat' dir='ltr'><strong>responsurum,</strong></span> <span class='ocrx_word' id='word_1_174' title='bbox 1947 2764 2007 2808; x_wconf 93' lang='lat' dir='ltr'><strong>ut</strong></span> <span class='ocrx_word' id='word_1_175' title='bbox 2048 2756 2212 2808; x_wconf 86' lang='lat' dir='ltr'><strong>facile</strong></span> 
     </span>
     <span class='ocr_line' id='line_1_29' title="bbox 576 2840 2207 2910; baseline 0.001 -17"><span class='ocrx_word' id='word_1_176' title='bbox 576 2848 873 2909; x_wconf 87' lang='lat' dir='ltr'><strong>appareret</strong></span> <span class='ocrx_word' id='word_1_177' title='bbox 904 2840 1139 2892; x_wconf 87' lang='lat' dir='ltr'><strong>minime</strong></span> <span class='ocrx_word' id='word_1_178' title='bbox 1167 2857 1290 2892; x_wconf 88' lang='lat' dir='ltr'><strong>esse</strong></span> <span class='ocrx_word' id='word_1_179' title='bbox 1318 2841 1523 2894; x_wconf 81' lang='lat' dir='ltr'><strong>divinae</strong></span> <span class='ocrx_word' id='word_1_180' title='bbox 1552 2840 1690 2909; x_wconf 83' lang='lat' dir='ltr'><strong>legis</strong></span> <span class='ocrx_word' id='word_1_181' title='bbox 1719 2850 2028 2910; x_wconf 84' lang='lat' dir='ltr'><strong>expertem.</strong></span> <span class='ocrx_word' id='word_1_182' title='bbox 2090 2844 2207 2898; x_wconf 92' lang='lat' dir='ltr'><strong>Un-</strong></span> 
     </span>
     <span class='ocr_line' id='line_1_30' title="bbox 577 2927 2210 2995; baseline 0.001 -16"><span class='ocrx_word' id='word_1_183' title='bbox 577 2928 647 2979; x_wconf 92' lang='lat' dir='ltr'><strong>de</strong></span> <span class='ocrx_word' id='word_1_184' title='bbox 675 2927 845 2995; x_wconf 87' lang='lat' dir='ltr'><strong>igitur</strong></span> <span class='ocrx_word' id='word_1_185' title='bbox 871 2927 1026 2977; x_wconf 90' lang='lat' dir='ltr'><strong>illum</strong></span> <span class='ocrx_word' id='word_1_186' title='bbox 1070 2944 1196 2978; x_wconf 90' lang='lat' dir='ltr'><strong>eam</strong></span> <span class='ocrx_word' id='word_1_187' title='bbox 1240 2927 1534 2978; x_wconf 91' lang='lat' dir='ltr'><strong>notionem</strong></span> <span class='ocrx_word' id='word_1_188' title='bbox 1578 2927 1834 2979; x_wconf 86' lang='lat' dir='ltr'><strong>hausisse</strong></span> <span class='ocrx_word' id='word_1_189' title='bbox 1882 2929 2210 2981; x_wconf 87' lang='lat' dir='ltr'><strong>existiman-</strong></span> 
     </span>
     <span class='ocr_line' id='line_1_31' title="bbox 578 3013 2211 3085; baseline 0.002 -19"><span class='ocrx_word' id='word_1_190' title='bbox 578 3014 732 3076; x_wconf 92' lang='lat' dir='ltr'><strong>dum,</strong></span> <span class='ocrx_word' id='word_1_191' title='bbox 779 3013 886 3065; x_wconf 91' lang='lat' dir='ltr'><strong>nisi</strong></span> <span class='ocrx_word' id='word_1_192' title='bbox 929 3014 1000 3065; x_wconf 92' lang='lat' dir='ltr'><strong>ab</strong></span> <span class='ocrx_word' id='word_1_193' title='bbox 1044 3013 1168 3081; x_wconf 91' lang='lat' dir='ltr'><strong>ipso</strong></span> <span class='ocrx_word' id='word_1_194' title='bbox 1215 3013 1508 3066; x_wconf 90' lang='lat' dir='ltr'><strong>conditore</strong></span> <span class='ocrx_word' id='word_1_195' title='bbox 1555 3021 1772 3067; x_wconf 86' lang='lat' dir='ltr'><strong>naturae</strong></span> <span class='ocrx_word' id='word_1_196' title='bbox 1815 3015 1983 3078; x_wconf 88' lang='lat' dir='ltr'><strong>Deo?</strong></span> <span class='ocrx_word' id='word_1_197' title='bbox 2043 3016 2211 3085; x_wconf 71' lang='lat' dir='ltr'><strong>Quod</strong></span> 
     </span>
     <span class='ocr_line' id='line_1_32' title="bbox 579 3099 2213 3173; baseline 0.001 -20"><span class='ocrx_word' id='word_1_198' title='bbox 579 3101 626 3154; x_wconf 89' lang='lat' dir='ltr'><strong>si</strong></span> <span class='ocrx_word' id='word_1_199' title='bbox 683 3100 739 3153; x_wconf 93' lang='lat' dir='ltr'><strong>in</strong></span> <span class='ocrx_word' id='word_1_200' title='bbox 799 3100 1055 3153; x_wconf 84' lang='lat' dir='ltr'><strong>barbaris</strong></span> <span class='ocrx_word' id='word_1_201' title='bbox 1113 3099 1438 3154; x_wconf 87' lang='lat' dir='ltr'><strong>hominibus</strong></span> <span class='ocrx_word' id='word_1_202' title='bbox 1497 3100 1553 3154; x_wconf 88' lang='lat' dir='ltr'><strong>id</strong></span> <span class='ocrx_word' id='word_1_203' title='bbox 1612 3109 1895 3167; x_wconf 88' lang='lat' dir='ltr'><strong>cernatur,</strong></span> <span class='ocrx_word' id='word_1_204' title='bbox 1963 3103 2098 3173; x_wconf 90' lang='lat' dir='ltr'><strong>quid</strong></span> <span class='ocrx_word' id='word_1_205' title='bbox 2156 3102 2213 3155; x_wconf 89' lang='lat' dir='ltr'><strong>in</strong></span> 
     </span>
    </p>
   </div>
   <div class='ocr_carea' id='block_1_3' title="bbox 0 0 2649 3754">
    <p class='ocr_par' dir='ltr' id='par_1_5' title="bbox 0 0 2649 3754">
     <span class='ocr_line' id='line_1_33' title="bbox 0 0 2649 3754; baseline 0 8"><span class='ocrx_word' id='word_1_206' title='bbox 0 0 2649 3754; x_wconf 95' lang='lat' dir='ltr'><strong> </strong></span> 
     </span>
    </p>
   </div>
  </div>
 </body>
</html>
