2639 3798
672 354 857 391 LIBER
896 354 971 391 1Χ.
993 368 1065 375 -
1087 353 1383 391 EPISTOLA
1423 353 1475 389 x.
1790 338 1894 405 387

258 487 393 558 quid
428 487 665 541 interius
699 488 849 541 circa
877 488 985 542 hoc
1018 488 1290 549 sentiam3
1331 495 1555 541 tantum
1588 487 1717 540 dico
1747 486 1893 539 male

259 581 511 628 metuere
576 592 685 638 me,
753 594 822 628 ne
884 576 1041 628 Deus
1099 574 1418 628 acerbiores
1479 573 1659 628 multo
1720 589 1892 644 quam

256 661 525 731 opinatur
566 663 638 716 ab
676 662 769 716 illo
805 681 1006 732 poenas
1045 681 1214 733 porro
1251 671 1490 733 repetat,
1530 662 1637 716 nisi
1676 669 1732 715 et
1771 661 1892 731 jam

257 750 494 819 coeperit
545 759 817 821 repetere.

332 841 382 891 E
419 838 564 893 freto
598 839 993 909 Sincapurano
1029 839 1229 908 scripsi
1263 838 1384 891 fuse
1419 840 1492 892 ad
1525 847 1600 901 te,
1639 838 1890 892 confido-

256 945 364 995 que
398 926 521 979 illas
554 927 772 980 litteras
808 934 959 980 recte
996 927 1262 995 perlataS,
1301 927 1512 995 quippe
1539 944 1682 996 quas
1717 926 1895 980 homo

256 1012 402 1065 fidus
441 1013 756 1082 portandas
798 1013 1072 1082 receperit
1115 1013 1345 1066 Manuel
1386 1014 1457 1066 de
1492 1014 1773 1076 Fonseca,
1818 1012 1894 1065 fa-

258 1099 441 1153 mulus
469 1099 704 1154 Antonii
737 1100 966 1169 Pegadi.
1048 1101 1135 1154 De
1169 1099 1311 1153 meis
1347 1100 1514 1153 rebus
1550 1100 1705 1169 quod
1741 1116 1895 1154 nunc

254 1187 557 1242 scriberem
606 1187 758 1242 aliud
807 1205 922 1242 non
970 1195 1110 1252 erat,
1161 1187 1269 1240 nisi
1317 1187 1490 1242 modo
1538 1186 1895 1241 convaluisse

255 1291 345 1326 me
399 1292 429 1326 e
475 1272 628 1327 febre
675 1273 896 1327 dierum
945 1273 1293 1343 quindecim.

328 1359 495 1413 Plura
529 1359 691 1423 50105,
730 1359 776 1411 51
811 1360 1105 1429 negotium
1142 1358 1317 1412 Sinici
1352 1358 1634 1428 trajectus
1668 1377 1896 1413 cursum

253 1464 418 1500 suum
451 1446 689 1509 tenebit,
723 1446 927 1501 litteris
963 1464 1104 1516 quas
1142 1447 1215 1500 ad
1247 1453 1304 1500 te
1340 1446 1604 1515 copiosas
1633 1448 1900 1502 Cantone

251 1533 494 1603 scriptas
532 1535 758 1588 tradam
797 1533 1049 1587 Manueli
1090 1534 1160 1587 de
1195 1533 1439 1597 ChaveS,
1487 1552 1617 1587 cum
1658 1533 1784 1588 aliis
1823 1553 1893 1589 ae-

251 1638 358 1689 que
413 1620 646 1689 prolixis
688 1621 761 1674 ad
806 1620 1113 1674 dominum
1155 1639 1369 1690 regem.

328 1706 388 1758 Si
428 1706 554 1773 quis
596 1726 686 1759 me
728 1725 894 1759 casus
936 1726 1035 1774 spe
1081 1707 1351 1775 dejiceret
1392 1706 1520 1769 ista,
1563 1707 1725 1761 offert
1765 1726 1897 1761 ecce

253 1791 387 1844 mihi
407 1793 660 1862 Jacobus
680 1792 889 1845 Vazius
909 1792 1296 1862 Aragonensis
1325 1792 1639 1861 benignam
1670 1793 1897 1862 copiam

251 1877 635 1946 navigationis
678 1896 891 1942 secum,
936 1879 1196 1947 cogitans
1241 1879 1433 1931 Sionis
1476 1896 1736 1947 regnum,
1781 1898 1895 1949 quo

249 1974 334 2019 est
379 1966 504 2019 vela
550 1966 819 2030 facturUS‚
880 1975 1075 2035 empto
1128 1968 1199 2021 ad
1256 1968 1313 2021 id
1359 1967 1587 2035 navigio
1636 1968 1897 2023 Sinensis

252 2054 467 2118 formae,
512 2055 701 2124 qualia
740 2051 946 2121 Juncos
992 2055 1245 2109 solemus
1291 2053 1594 2124 appellare.
1677 2054 1893 2110 Invitat

248 2141 318 2195 ad
362 2140 471 2196 hoc
510 2141 837 2207 consilium,
884 2143 1037 2212 quod
1077 2142 1380 2197 occasione
1425 2142 1726 2212 legationis
1768 2143 1889 2197 Sio-

249 2229 461 2294 11011515,
515 2229 705 2284 aditus
755 2230 898 2284 forte
944 2230 1035 2284 via
1082 2230 1174 2283 illa
1220 2229 1395 2299 pandi
1443 2237 1639 2299 posset
1687 2229 1890 2300 aliquis

251 2317 322 2370 ad
365 2316 535 2371 Sinas
580 2326 637 2372 et
679 2319 1024 2382 Cantonem,
1075 2319 1224 2372 unde
1272 2317 1518 2371 scribere
1565 2318 1637 2372 ad
1684 2325 1741 2371 te
1788 2336 1888 2386 per

250 2406 574 2459 Manuelem
618 2406 966 2460 Chavesium
1003 2407 1214 2460 liceret.
1298 2408 1442 2460 Haec
1479 2425 1571 2460 me
1612 2404 1885 2475 cogitatio

243 2500 470 2546 tantum
517 2492 709 2558 allicit,
758 2501 819 2547 ut
865 2494 1253 2564 propendeam
1298 2492 1563 2563 equidem
1610 2492 1668 2545 in
1712 2492 1882 2546 istam

244 2580 665 2650 navigationem
715 2581 1080 2645 Sionensem3
1129 2598 1303 2650 quare
1349 2587 1484 2650 peto
1531 2598 1564 2632 a
1604 2587 1680 2644 te,
1726 2588 1787 2633 ut
1834 2579 1880 2633 si

242 2682 411 2737 quam
476 2665 603 2722 istic
669 2666 1031 2722 occasionem
1096 2666 1443 2721 nancisceris
1511 2666 1876 2720 commodam

240 2751 456 2807 litteras
484 2754 541 2808 in
570 2772 806 2824 regnum
838 2755 1030 2809 Sionis
1057 2754 1508 2818 transmittendi,
1540 2771 1611 2808 ne
1639 2754 1875 2825 pigreris

240 2841 311 2895 ad
362 2860 451 2895 me
507 2841 638 2896 illuc
692 2842 936 2896 scribere
992 2841 1127 2913 quid
1183 2841 1401 2895 consilii
1468 2841 1685 2910 ceperis
1743 2848 1874 2911 post

240 2946 428 2982 meum
475 2950 507 2982 a
549 2939 606 2983 te
653 2930 986 2994 discessum,
1035 2949 1218 3000 quove
1261 2948 1412 2981 nunc
1454 2929 1581 2982 loco
1624 2948 1714 2982 res
1757 2936 1872 2983 tuae

240 3014 378 3079 sint;
445 3016 650 3087 ecquid
708 3035 859 3071 anno
920 3017 1123 3071 saltem
1186 3016 1444 3086 proximo
1504 3016 1714 3086 legatio
1771 3025 1870 3070 tua

240 3120 563 3159 successum
598 3103 859 3159 habitura
892 3104 1177 3158 videatur:
1221 3110 1358 3157 tunc
1390 3102 1544 3157 enim
1579 3103 1871 3173 opperirer
