2712 3754
828 291 856 327 2
1244 291 1428 330 LIBER
1466 292 1546 330 vl.
1568 308 1640 316 —
1660 293 1953 332 EPISTOLA
1994 295 2031 332 1.

820 427 973 495 quod
1043 428 1287 496 juberet.
1386 429 1603 483 Placuit
1681 430 1887 483 divinae
1966 430 2254 499 majestati
2325 433 2449 500 ejus

821 529 911 565 me
972 514 1089 566 voti
1150 523 1477 584 compotem
1540 516 1742 569 facere.
1823 516 1998 569 Plane
2060 517 2340 587 siquidem
2395 519 2451 571 in

816 599 1010 652 animo
1072 620 1200 655 meo
1262 604 1466 668 senti0,
1529 612 1585 658 et
1645 605 1874 675 penitus
1934 621 2239 674 persuasus
2301 622 2446 670 sum,

817 687 1079 756 expedire
1143 690 1216 744 ad
1287 690 1394 745 Dei
1460 691 1795 762 obsequium
1862 710 1953 745 me
2017 690 2075 744 in
2139 691 2449 763 Japoniam

812 775 1065 829 tendere.
1147 779 1301 848 Ergo
1341 779 1511 833 alacri
1551 780 1747 850 vigens
1787 780 2011 844 fiducia,
2056 797 2246 833 moras
2284 782 2448 835 abru—

813 860 870 928 pi
923 879 1124 917 omnes
1175 882 1243 918 ex
1290 865 1455 919 India
1501 866 1751 929 solvens;
1807 874 1868 920 ut
1909 866 2030 935 jam
2077 865 2230 920 haud
2277 866 2447 920 dubie

812 956 1135 1014 vocantem,
1203 951 1526 1022 crebrisque
1589 971 1656 1006 ac
1719 951 2153 1005 vehementibus
2206 951 2445 1006 incitan-

815 1042 933 1087 tem
996 1037 1069 1089 ad
1131 1037 1283 1092 istud
1345 1039 1452 1092 iter
1511 1039 1848 1108 impulsibus
1911 1041 2097 1092 Deum
2165 1057 2445 1109 sequerer.

888 1124 977 1177 Eo
1029 1143 1196 1179 cursu
1240 1125 1392 1180 hunc
1456 1126 1693 1181 Malacae
1733 1134 1963 1196 portum
2004 1126 2291 1180 tenuimus
2333 1127 2445 1181 duo

812 1212 950 1263 socii
1016 1232 1260 1276 mecum,
1321 1222 1377 1266 et
1429 1222 1545 1266 tres
1594 1216 1850 1285 Japones
1914 1213 2207 1265 christiani
2254 1233 2444 1266 recen-

810 1306 914 1364 te5‚
982 1301 1082 1354 sed
1145 1301 1309 1355 valde
1372 1301 1527 1366 boni,
1595 1301 1690 1371 qui
1755 1308 1887 1370 post
1951 1301 2119 1371 plene
2176 1309 2444 1371 percepta

807 1388 944 1457 Jesu
1011 1387 1226 1443 Christi
1293 1387 1528 1442 Domini
1593 1387 1771 1442 nostri
1834 1386 1967 1442 vitae
2033 1407 2099 1441 ac
2167 1387 2442 1441 doctrinae

808 1474 1077 1544 mysteria
1142 1484 1196 1529 et
1264 1476 1553 1545 dogmata,
1619 1478 1761 1529 Goae
1826 1474 1883 1527 in
1937 1474 2173 1544 collegio
2235 1476 2443 1528 Sanctae

809 1563 968 1615 Fidei
1023 1563 1296 1631 baptizati
1356 1571 1506 1616 sunt.
1587 1564 1806 1616 Omnes
1870 1562 2054 1631 legere
2109 1579 2265 1615 more
2318 1580 2444 1615 nos-

812 1657 902 1703 tro
975 1668 1041 1704 ac
1116 1649 1360 1704 scribere
1425 1649 1764 1713 didicerunt,
1845 1649 2204 1719 recitantque
2270 1649 2442 1703 eccle-

813 1735 1073 1791 siasticas
1124 1756 1339 1806 preceS,
1393 1755 1460 1791 ac
1514 1736 1679 1791 statis
1732 1736 1887 1790 horis
1933 1736 2127 1790 divina
2167 1736 2442 1789 meditan-

812 1831 923 1877 tur.
1004 1826 1198 1877 Movet
1263 1824 1388 1877 illos
1453 1831 1624 1893 atque
1689 1823 1860 1877 afficit
1890 1824 2209 1892 ‘praecipue
2261 1823 2443 1877 consi-

810 1910 1029 1963 deratio
1085 1910 1245 1963 labor
1404 1918 1460 1964 et
1519 1910 1778 1963 dolorum
1840 1909 2074 1971 Christi,
2131 1909 2444 1979 Crucisque

808 2014 874 2050 ac
928 1996 1128 2050 mortis
1181 1928 1343 2066 epig
1357 1996 1697 2060 recordatio,
1753 1996 1811 2049 in
1865 2013 1977 2065 qua
2023 2013 2174 2066 saepe
2221 1996 2443 2065 magnis

807 2082 1129 2136 animorum
1183 2082 1442 2136 sensibus
1495 2089 1550 2136 et
1603 2082 1815 2136 teneris
1867 2082 2165 2136 affectibus
2215 2100 2441 2136 versan-

805 2178 914 2224 tur.
990 2170 1461 2224 Meditationibus
1500 2170 1762 2224 asceticis
1806 2170 1989 2224 Patris
2033 2170 2243 2238 Ignatii
2286 2188 2441 2223 men·

801 2266 920 2312 tem
990 2257 1357 2311 excoluerunt
1428 2257 1748 2312 attentione
1825 2275 2067 2321 summa,
2147 2256 2435 2327 mirosque

806 2346 938 2399 inde
1002 2345 1218 2400 fructus
1281 2353 1644 2416 reportarunt
1710 2345 1963 2399 clarioris
2026 2344 2134 2399 Dei
2188 2344 2436 2399 notitiae:

805 2433 1167 2502 frequentant
1234 2442 1438 2502 sponte
1503 2439 1864 2487 sacramenta
1935 2431 2311 2485 confessionis
2383 2438 2438 2483 et

803 2520 1251 2581 communionis3
1319 2520 1513 2573 et‘ad
1571 2519 1680 2572 hoc
1733 2519 2046 2571 nobiscum·
2085 2519 2193 2571 iter
2244 2519 2436 2587 ingen-

798 2607 951 2661 tibus
998 2608 1292 2662 desideriis
1339 2614 1610 2676 urgentur
1648 2607 2115 2661 adducendorum
2144 2607 2226 2660 ·ad
2271 2605 2434 2660 Chri-

739 2756 743 2758 ,
804 2692 876 2747 sti
928 2692 1257 2761 religionem
1311 2692 1669 2761 popularium
1723 2711 1973 2746 suorum.

878 2780 1246 2832 Pervenimus
1304 2780 1433 2844 hue,
1493 2799 1591 2831 sex
1648 2799 1791 2851 quos
1848 2780 2196 2843 enumeravi,
2260 2779 2435 2832 Mala-

733 2846 734 2849 *
801 2884 927 2921 carn
978 2868 1159 2937 pridie
1211 2868 1335 2922 Kal.
1395 2868 1605 2938 'Junias
1654 2867 1803 2922 Anni
1859 2868 2201 2921 MDXLIX.
2274 2866 2435 2921 Arcis

808 2952 1150 3008 Malacensis
1222 2951 1524 3024 praefectus
1591 2954 1812 3024 excepit
1890 2975 1994 3007 nos
2063 2974 2263 3007 omnes
2325 2952 2433 3006 exi-

798 3042 913 3096 mia
972 3043 1225 3107 caritate,
1300 3043 1627 3112 prolixeque
1680 3042 1882 3097 detulit
1947 3042 2223 3111 quidquid
2288 3059 2322 3095 a
2375 3058 2434 3093 se
