2639 3798
711 373 895 413 LIBER
935 373 1416 415 ix.—EP1s·roLA
1457 374 1543 414 111.
1842 361 1945 427 363

306 526 338 560 a
386 505 678 560 Lusitanis
723 505 833 560 illic
880 507 1304 578 negotiantibus
1356 525 1625 562 nummos
1670 513 1761 560 ter
1808 523 1940 560 cen-

304 601 445 658 turn,
509 611 652 664 quos
713 594 769 648 in
832 612 955 649 eam
1005 598 1138 651 “rem
1200 596 1470 666 impendi.
1551 595 1695 665 Ejus
1758 595 1933 649 debiti

304 681 648 735 dissolvendi
714 683 834 735 dies
897 684 1126 748 exierat,
1186 694 1241 737 et
1299 684 1608 737 creditores
1673 683 1929 746 aderant,

302 769 472 822 fidem
528 787 714 823 meam
761 771 1098 838 operientes,
1180 773 1453 824 Subvenit
1501 771 1742 841 egestati
1791 788 1932 823 meae

302 861 422 907 tam
458 862 780 922 opportuna
817 857 1192 920 mutuatione,
1232 864 1286 910 et
1328 858 1489 926 quasi
1526 857 1777 926 gratuita
1816 874 1934 910 ver-

306 956 453 1004 sura,
483 949 762 1009 praestans
798 942 1119 1011 benignitas
1151 943 1368 994 domini
1401 942 1581 1003 Petri;
1623 941 1732 1004 cui,
1768 941 1937 995 simul

308 1029 448 1083 Goae
510 1029 911 1096 comparuerit,
973 1030 1102 1081 volo
1169 1037 1224 1081 et
1288 1030 1461 1098 jubeo
1522 1038 1579 1082 te
1642 1047 1932 1080 summam

304 1114 472 1167 istam
509 1120 894 1167 trecentorum
934 1132 1296 1167 nummorum
1353 1114 1497 1168 ultro
1535 1130 1851 1167 numerare.

381 1202 585 1252 Sumes
628 1201 796 1253 istam
842 1201 1141 1268 pecuniam
1178 1219 1208 1253 e
1245 1219 1418 1253 censu
1462 1208 1516 1254 et
1560 1199 1934 1268 vectigalibus

307 1286 543 1355 collegii,
609 1295 707 1338 aut
765 1305 832 1338 ex
889 1287 1162 1356 pensione
1227 1289 1467 1339 duorum
1534 1286 1772 1338 millium
1838 1304 1936 1338 au-

305 1391 547 1437 reorum,
597 1391 768 1443 quam
816 1391 911 1426 rex
956 1392 986 1427 e
1032 1390 1133 1427 suo
1180 1365 1376 1428 aerario
1424 1374 1673 1427 decrevit
1728 1375 1934 1427 Goano

308 1460 595 1514 domicilio
624 1462 830 1515 Sanctae
856 1462 1030 1524 Fidei,
1062 1480 1175 1514 non
1209 1462 1267 1514 in
1309 1479 1472 1515 usum
1514 1462 1698 1514 solum
1739 1479 1934 1515 eorum

309 1550 403 1618 qui
468 1549 579 1600 illic
642 1549 874 1617 degunt,
939 1550 1038 1600 sed
1091 1550 1162 1601 ad
1217 1550 1531 1600 subsidium
1600 1550 1939 1602 missionum

307 1653 531 1702 quoque
576 1652 642 1687 ac
689 1635 1001 1687 stationum
1048 1652 1147 1702 per
1187 1635 1292 1686 hos
1338 1643 1555 1688 tractus
1609 1636 1932 1689 Orientales

309 1723 460 1775 varie
502 1722 892 1774 institutarum
934 1714 1006 1773 ad
1048 1721 1561 1789 promulgationem
1609 1720 1935 1789 Evangelii:

310 1827 339 1861 e
367 1810 571 1879 quibus
600 1828 711 1861 una
738 1818 825 1861 est
853 1828 883 1861 e
909 1808 996 1861 vel
1026 1808 1269 1860 maxime
1300 1808 1529 1861 utilibus
1550 1808 1937 1879 Japoniensis.

384 1897 539 1950 Cave
579 1904 770 1949 autem
814 1913 1031 1948 moram
1072 1896 1400 1965 interponas
1440 1896 1612 1948 ullam
1654 1896 1824 1966 hujus
1853 1915 1943 1949 ex-

310 1984 608 2053 punctioni
641 1983 835 2037 debiti.
914 1983 1040 2047 Adi,
1071 1982 1264 2036 statim
1299 2001 1365 2036 ac
1392 1984 1763 2037 exscendisse
1789 2002 1941 2038 com-

312 2073 522 2141 pereris
580 2072 890 2135 hominem,
955 2080 1011 2124 et
1064 2090 1193 2123 cum
1248 2072 1426 2123 multa
1477 2072 1791 2140 gratiarum
1856 2090 1945 2124 ac-

311 2158 465 2212 tione
512 2159 814 2227 pecuniam
862 2159 939 2212 illi
983 2176 1144 2213 suam
1189 2159 1434 2212 exsolve.

383 2246 700 2317 AEgerrime
741 2245 943 2299 ferrem
973 2245 1018 2298 si
1051 2245 1153 2298 tibi
1194 2244 1441 2298 cessanti
1470 2264 1502 2297 a
1530 2253 1650 2298 tam
1695 2245 1938 2314 urgenti,

312 2344 432 2389 tam
460 2336 621 2389 enixe
654 2335 929 2404 injunctO,
955 2344 1073 2387 tam
1103 2334 1366 2386 omnibus
1393 2335 1789 2402 praevertendo
1817 2334 1943 2385 aliis

315 2421 517 2485 offici0,
572 2428 868 2490 cogeretur
914 2420 1180 2474 dominus
1229 2421 1430 2473 Petrus
1476 2421 1681 2473 vellere
1729 2437 1946 2484 aurem,

311 2518 366 2563 et
413 2502 668 2564 debitum
721 2527 1034 2578 reposcere.
1115 2507 1459 2560 Peracerbus
1512 2506 1558 2560 is
1607 2506 1745 2560 mihi
1793 2525 1935 2561 nun-

315 2594 427 2649 tius
473 2594 635 2659 foret,
685 2595 847 2664 cujus
896 2594 1215 2648 molestiam
1263 2593 1495 2646 lucrifac
1542 2594 1701 2658 mihi,
1750 2611 1947 2663 quaeso

314 2692 390 2748 te,
435 2683 864 2754 promptissima
909 2691 965 2735 et
1012 2681 1240 2752 quasvis
1283 2680 1645 2734 difficultates
1694 2681 1946 2735 eluctan-

314 2778 371 2823 te
430 2771 541 2823 mei
599 2770 768 2839 hujus
825 2770 1155 2823 executione
1215 2769 1498 2821 mandati:
1567 2786 1759 2837 quam,
1827 2787 1944 2821 non

313 2857 518 2921 dicam,
549 2858 596 2912 si
625 2857 935 2927 negligeres
967 2859 1100 2922 (non
1144 2855 1295 2909 enim
1338 2854 1447 2908 hoc
1490 2855 1560 2908 de
1601 2862 1658 2909 te
1699 2858 1935 2920 metuo),

315 2946 414 2998 sed
461 2945 504 2998 si
554 2945 805 3015 quolibet
852 2945 1090 2998 obtentu
1145 2949 1555 3012 repraesentare
1605 2933 1943 3011 praetermit-

313 3039 479 3095 teres,
510 3033 774 3101 exiguum
814 3034 965 3100 apud
997 3040 1054 3084 te
1084 3039 1438 3083 momentum
1480 3047 1604 3081 esse
1637 3029 1942 3082 arbitrarer

322 3138 577 3174 mearum
620 3120 1080 3189 gravissimarum
1127 3115 1714 3174 commendationum.
