2665 3754
706 326 816 402 368
1127 341 1311 383 LIBER
1351 340 1426 379 ix.
1448 354 1519 361 -
1540 337 1832 378 EPISTOLA
1871 338 1924 376 v.

855 477 1111 548 Joannes
1165 475 1234 527 de
1282 474 1469 537 Beira,

725 639 945 781 PER
985 653 1264 715 quantum
1305 644 1408 699 tibi
1450 644 1606 705 cordi
1646 652 1732 698 est
1768 642 1874 697 Dei
1909 642 2145 718 Domini
2182 642 2339 699 obse-

890 732 1106 805 quium,
1145 735 1358 789 mando
1397 743 1453 790 et
1494 751 1593 790 oro
1634 721 1704 788 ne
1741 752 2120 809 quossensus
2156 751 2338 797 rerum

709 821 1045 875 interiorum
1104 841 1137 875 a
1190 823 1316 875 Deo
1368 822 1658 891 accepisti,
1717 822 1983 891 cuiquam
2045 821 2340 877 hominum

709 909 1122 965 communices,
1204 911 1291 961 De
1338 910 1558 963 notitiis
1599 911 1801 980 loquor
1842 908 2059 963 coelesti
2102 908 2340 974 illustra-

708 996 865 1050 tione
921 996 1098 1050 menti
1153 1004 1266 1050 tuae
1320 997 1534 1061 inditis,
1589 1015 1782 1050 earum
1813 998 2109 1050 ¹duntaxat
2156 1013 2341 1050 rerum

711 1101 838 1153 quae
874 1083 947 1137 ad
985 1083 1199 1137 bonum
1237 1092 1294 1138 et
1327 1083 1645 1154 profectum
1682 1077 2033 1159 spiritualem
2069 1081 2341 1153 Christia-

714 1188 918 1224 norum
969 1171 1406 1236 Molucensium,
1453 1171 1917 1235 Mauricensium,
1961 1179 2060 1224 aut
2105 1164 2341 1233 aliorum

716 1275 859 1327 quos
910 1264 967 1311 te
1020 1276 1216 1330 curare
1269 1258 1590 1329 contigerit,
1644 1258 1786 1312 nihil
1837 1257 2142 1328 pertinent.

792 1335 1182 1415 Quaecumque
1247 1347 1346 1418 ad,
1378 1346 1682 1400 utilitatem
1748 1354 1803 1399 et
1861 1363 2223 1416 progressum
2288 1344 2343 1397 in

718 1433 988 1504 religione
1044 1433 1502 1487 Christianorum
1561 1435 1826 1497 attinent,
1883 1433 2159 1487 tractabis
2216 1450 2343 1486 cum

718 1520 953 1574 domino
981 1529 1243 1590 praetore,
1280 1541 1313 1574 a
1341 1541 1454 1591 quo
1482 1521 1787 1591 impetrare
1819 1514 2045 1594 satages
2073 1519 2346 1573 mandata
2420 1584 2422 1586 ,

716 1616 773 1660 et
826 1606 1142 1675 diplomata
1194 1627 1319 1676 quae
1374 1608 1446 1659 ad
1500 1608 1557 1659 id
1609 1626 1752 1675 opus
1803 1626 1927 1660 esse
1961 1604 2343 1680 judicaveris.

722 1694 890 1763 Quod
928 1693 974 1744 si
1010 1701 1067 1745 te
1105 1693 1323 1745 facilius
1365 1694 1732 1745 obtenturum
1776 1711 1968 1762 speres
2009 1691 2346 1744 auctoritate

715 1796 782 1832 ac
834 1778 1017 1847 gratia
1073 1779 1289 1833 domini
1343 1778 1613 1848 episcopi,
1674 1797 1803 1832 eum
1856 1770 2091 1847 supplex
2147 1769 2345 1840 adibis,

718 1883 921 1917 orans
954 1883 1025 1917 ne
1090 1873 1355 1933 gravetur
1412 1867 1650 1917 suadere
1705 1865 1941 1917 domino
1998 1856 2228 1933 praetori
2288 1870 2347 1915 ut

722 1949 1043 2003 Ecclesiam
1106 1950 1495 2004 Molucensem
1558 1950 1938 2020 amplectatur
1995 1948 2348 2018 protectione

718 2036 890 2108 regia,
938 2058 1148 2093 cavens
1193 2038 1269 2092 illi
1310 2038 1484 2110 jussis
1530 2058 1597 2093 ac
1638 2037 1932 2109 scripturis
1973 2035 2212 2101 idoneiS,
2254 2035 2347 2090 ad-

714 2142 912 2180 versus
963 2126 1198 2195 injurias
1246 2127 1334 2181 vel
1380 2127 1615 2181 insidias
1661 2127 1808 2196 regis
1857 2126 2212 2180 Molucarum
2253 2140 2346 2192 pa-

719 2229 867 2274 rum,
913 2219 973 2265 ut
1026 2211 1126 2275 aiS,
1159 2211 1266 2281 ipsi
1312 2212 1476 2282 aequi.

795 2300 1007 2352 Totam
1060 2317 1230 2369 porro
1282 2299 1450 2352 istam
1500 2302 1641 2353 Goae
1690 2299 2139 2369 negotiationem
2192 2306 2349 2350 tuam

719 2402 891 2456 quam
934 2385 1272 2441 brevissimo
1310 2386 1525 2455 poteris
1561 2386 1821 2440 absolves
1854 2376 2161 2455 tempore;,
2183 2384 2350 2454 idque

720 2471 920 2527 sedulo
953 2489 1105 2541 ageS‚
1136 2483 1197 2526 ut
1225 2471 1649 2542 quamprimum
1678 2471 1974 2541 expeditus
2006 2471 2079 2526 ad
2106 2469 2348 2525 reditum

722 2558 818 2613 sis.
898 2558 1116 2612 Vellem
1164 2567 1398 2628 paratus
1444 2578 1598 2612 esses
1643 2560 1715 2612 ad
1763 2559 2040 2612 utendum
2086 2564 2350 2630 opportu-

725 2646 905 2700 nitate
946 2646 1176 2699 navium
1220 2664 1345 2714 quae
1393 2664 1588 2701 mense
1631 2645 1955 2699 MaioGoa
1999 2645 2056 2696 in
2099 2634 2353 2714 Molucas

722 2732 966 2797 solvunt,
997 2740 1053 2787 et
1081 2732 1303 2802 aliquos
1335 2732 1465 2786 illuc
1492 2739 1681 2786 tecum
1722 2750 1751 2785 e
1786 2730 1997 2789 nostris
2030 2730 2353 2785 sacerdotes

721 2820 976 2874 duceres.
1057 2819 1116 2873 Si
1175 2820 1538 2873 sacerdotum
1597 2838 1711 2873 non
1764 2812 1919 2873 esset<
1968 2817 2158 2887 c.opia‚'
2215 2815 2353 2871 alios

724 2928 753 2961 e
798 2908 983 2961 Sociis
1022 2926 1268 2970 assume,
1310 2907 1399 2960 vel
1437 2907 1651 2960 tinctos
1691 2906 1895 2960 litteris
1925 2913 1996 2959 ‘et
2032 2903 2353 2959 'sacerdotio

714 2996 1060 3058 destinato&
1097 2996 1185 3049 vel
1227 2995 1402 3049 etiam
1443 2994 1638 3049 laicos.
1719 2995 1869 3048 Nam
1912 2993 1971 3046 hi
2005 2994 2185 3065 ‘modo
2219 2988 2353 3050 iboni

723 3089 780 3136 et
833 3082 1096 3135 industrii
1143 3081 1277 3143 sint,
1325 3089 1559 3148 propter
1604 3076 1986 3150 humilitatem
2031 3078 2253 3148 *facilius
2296 3093 2354 3129 se
