2649 3754
29 798 36 804 ’

53 889 60 914 ii

605 449 709 483 210
980 448 1163 483 LIBER
1204 448 1332 483 VIII.
1357 462 1427 468 —·
1450 447 1743 483 EPISTOLA
1786 445 1861 482 IV.

605 599 695 632 me
743 599 843 648 per
889 580 1108 633 litteras
1150 581 1343 648 jussus
1387 581 1480 643 siS‚
1526 599 1555 633 e
1600 580 1889 633 Societate
1935 578 2241 632 dimittere.

605 667 960 718 Amandabis
1029 668 1287 719 similiter
1371 668 1740 720 Franciscum
1803 667 2136 728 Gonzalem,
2189 676 2244 718 et

603 752 734 806 huic
782 772 1007 821 quoque
1056 754 1422 806 denuntiabis
1470 773 1601 807 suas
1648 754 1753 805 sibi
1800 772 1888 806 res
1931 753 2140 806 habeat
2185 753 2242 804 in

600 848 894 908 posterum
954 859 1210 893 seorsum
1264 860 1296 892 a
1352 840 1535 893 nobiS.
1635 842 1756 892 Nec
1810 839 1914 892 hos
1972 839 2243 892 diversari

604 927 673 978 de
733 935 939 979 caetero
986 927 1043 978 in
1099 927 1333 995 collegio
1388 928 1556 989 sines,
1613 936 1709 978 aut
1764 926 1934 978 ullam
1989 945 2243 979 commu-

606 1013 974 1077 nicationem,
1020 1014 1193 1067 etiam
1242 1015 1674 1068 consuetudinis
1717 1022 1772 1067 et
1816 1014 2099 1084 colloquii,
2147 1014 2243 1066 ha-

609 1101 740 1153 bere
784 1119 913 1153 cum
959 1101 1187 1155 nostriS.

681 1187 1155 1239 Molestissimum
1210 1187 1348 1239 mihi
1402 1198 1487 1239 est
1541 1208 1607 1239 ea
1660 1188 1799 1240 istos
1867 1187 2243 1249 commisisse,

607 1271 734 1340 quae
783 1275 1132 1325 necessarias
1174 1275 1311 1324 mihi
1363 1292 1564 1325 causas
1614 1276 1853 1325 afferunt
1894 1276 1965 1325 ad
2006 1274 2114 1324 hoc
2154 1291 2244 1324 ex-

605 1367 853 1411 tremum
896 1359 1194 1411 consilium
1235 1359 1517 1411 veniendi.
1599 1360 1712 1411 Sed
1753 1360 1905 1427 quod
1942 1378 2032 1412 me
2066 1358 2247 1426 magis

606 1445 780 1512 angit,
839 1444 983 1496 male
1043 1453 1236 1497 metuo
1290 1464 1359 1496 ne
1414 1464 1530 1496 non
1586 1445 1641 1497 in
1696 1444 1782 1498 his
1836 1445 2056 1498 duobus
2110 1444 2245 1497 solis

612 1532 862 1584 desitura
910 1550 1077 1600 porro
1121 1532 1193 1582 sit
1237 1532 1560 1583 istiusmodi
1607 1532 2045 1583 animadversio.
2127 1530 2247 1582 Scit

616 1619 898 1671 Dominus
954 1621 1111 1670 Deus
1166 1627 1360 1671 noster
1421 1638 1592 1687 quam
1647 1620 1761 1671 acri
1815 1619 2114 1671 confossus
2167 1618 2246 1669 in-

615 1706 754 1758 time
798 1706 1050 1758 cordolio
1094 1705 1243 1758 hanc
1287 1706 1586 1773 epistolam
1631 1706 1895 1758 scribam.

690 1791 1170 1844 Existimaveram
1246 1791 1355 1845 huc
1422 1791 1646 1845 rediens
1721 1792 2081 1845 inventurum
2160 1809 2249 1845 me

615 1879 863 1948 aliquam
917 1879 1168 1947 requiem
1224 1899 1256 1930 a
1309 1879 1502 1931 multis
1570 1899 1711 1947 quos
1774 1899 2005 1947 peregre
2072 1898 2252 1947 nuper

616 1966 898 2018 exantlavi
945 1967 1233 2017 laboribus
1248 1985 1259 2028 ;
1317 1985 1466 2017 nunc
1512 1966 1635 2017 vice
1682 1966 1867 2018 solatii
1933 1967 2251 2018 acerbiores

619 2053 894 2105 molestiae
950 2061 1272 2116 occurrunt,
1327 2054 1511 2105 litium
1565 2054 1769 2105 vitiosa
1827 2055 2252 2122 perturbatione

619 2140 1076 2203 commissarum,
1153 2140 1608 2203 contentionum,
1677 2141 2156 2209 dissidiorumque
2220 2158 2253 2191 a

618 2228 829 2297 populo
894 2228 951 2280 in
1011 2228 1384 2281 offensionem
1449 2228 1735 2296 publicam
1802 2228 2250 2297 erumpentium:

620 2333 736 2368 non
771 2314 892 2368 haec
926 2314 1140 2369 scilicet
1181 2315 1388 2369 absens
1418 2315 1842 2369 mandaveram.
1924 2316 2035 2369 Sed
2077 2333 2253 2386 quan-

619 2411 741 2455 tum
797 2403 1033 2471 reperio,
1088 2404 1175 2455 vel
1228 2403 1429 2472 exigua
1480 2403 1566 2454 vel
1621 2403 1773 2455 nulla
1825 2403 2151 2456 obedientia
2197 2403 2254 2455 in

620 2490 960 2558 quibusdam
1006 2499 1109 2542 est.
1193 2491 1485 2542 Laudetur
1512 2490 1569 2541 in
1599 2490 1865 2542 omnibus
1910 2492 2067 2542 Deus
2109 2508 2252 2542 sem-

623 2595 740 2645 per.

699 2662 994 2716 Melchiori
1049 2663 1337 2716 Gonzalez
1399 2663 1718 2726 mandabis,
1774 2664 2000 2732 scriptis
2055 2663 2259 2716 Bazai—

623 2770 759 2802 num
830 2752 922 2801 ubi
991 2760 1076 2802 est
1143 2751 1363 2812 litteris,
1418 2759 1478 2802 ut
1541 2751 1815 2802 continuo
1883 2752 2013 2803 inde
2067 2753 2254 2804 Goam

622 2838 831 2899 veniat,
881 2838 961 2889 sic
1008 2838 1160 2889 enirn
1208 2855 1310 2906 pro
1356 2844 1644 2905 potestate
1699 2855 1789 2888 me
1829 2838 2047 2905 jubere.
2129 2838 2256 2888 Bal-

625 2924 912 2976 thasarem
964 2925 1012 2975 N
1024 2924 1324 2976 unnezium
1371 2932 1526 2976 tecto
1572 2924 1835 2991 excipieS,
1881 2931 1937 2975 et
1981 2923 2056 2974 ibi
2103 2931 2256 2975 tene-

624 3011 708 3062 bis
754 3030 930 3078 usque
971 3011 1043 3062 ad
1085 3029 1274 3062 meum
1317 3010 1462 3063 istuc
1504 3010 1832 3062 adventum.
1913 3009 2254 3062 Adolescen-

624 3108 741 3150 tem
795 3098 940 3149 istuc
988 3098 1463 3165 proficiscentem,
1519 3099 1608 3149 cui
1662 3096 1918 3148 Thomas
1973 3096 2260 3149 GonzaleZ

626 3203 835 3237 nomen
884 3193 986 3247 est,
1037 3202 1150 3236 non
1198 3185 1468 3236 admittes
1514 3185 1749 3235 domum
1797 3191 2105 3251 antequam
2155 3201 2258 3251 ego

2506 1837 2512 1847 a
2504 1809 2509 1817 s
2496 1599 2514 1802 -ψΓᾱ-ιμψνε-ῚΜ
