<?xml version="1.0" encoding="UTF-8"?>
<!DOCTYPE html PUBLIC "-//W3C//DTD XHTML 1.0 Transitional//EN"
    "http://www.w3.org/TR/xhtml1/DTD/xhtml1-transitional.dtd">
<html xmlns="http://www.w3.org/1999/xhtml" xml:lang="en" lang="en">
 <head>
  <title>
</title>
<meta http-equiv="Content-Type" content="text/html;charset=utf-8" />
  <meta name='ocr-system' content='tesseract 3.04.00' />
  <meta name='ocr-capabilities' content='ocr_page ocr_carea ocr_par ocr_line ocrx_word'/>
</head>
<body>
  <div class='ocr_page' id='page_1' title='image "./pts_epistolae_3720-0638_v2/pts_epistolae_3720-0638_v2_0227.png"; bbox 0 0 2649 3754; ppageno 0'>
   <div class='ocr_carea' id='block_1_1' title="bbox 0 0 2644 140">
    <p class='ocr_par' dir='ltr' id='par_1_1' title="bbox 0 0 2644 140">
     <span class='ocr_line' id='line_1_1' title="bbox 0 0 2644 140; baseline 0 3614"><span class='ocrx_word' id='word_1_1' title='bbox 0 0 2644 140; x_wconf 95' lang='lat' dir='ltr'> </span> 
     </span>
    </p>
   </div>
   <div class='ocr_carea' id='block_1_2' title="bbox 0 3708 124 3754">
    <p class='ocr_par' dir='ltr' id='par_1_2' title="bbox 0 3708 124 3754">
     <span class='ocr_line' id='line_1_2' title="bbox 0 3708 124 3754; baseline 0 0"><span class='ocrx_word' id='word_1_2' title='bbox 0 3708 124 3754; x_wconf 95' lang='lat' dir='ltr'> </span> 
     </span>
    </p>
   </div>
   <div class='ocr_carea' id='block_1_3' title="bbox 577 462 1822 511">
    <p class='ocr_par' dir='ltr' id='par_1_3' title="bbox 577 462 1822 511">
     <span class='ocr_line' id='line_1_3' title="bbox 577 462 1822 511; baseline -0.001 -1"><span class='ocrx_word' id='word_1_3' title='bbox 577 462 681 510; x_wconf 82' lang='lat'>216</span> <span class='ocrx_word' id='word_1_4' title='bbox 968 476 1151 510; x_wconf 80' lang='lat' dir='ltr'>LIBER</span> <span class='ocrx_word' id='word_1_5' title='bbox 1192 478 1319 511; x_wconf 81' lang='lat' dir='ltr'>vm.</span> <span class='ocrx_word' id='word_1_6' title='bbox 1343 491 1415 496; x_wconf 84' lang='lat'>—-</span> <span class='ocrx_word' id='word_1_7' title='bbox 1439 476 1730 510; x_wconf 77' lang='lat' dir='ltr'>EP1sT0LA</span> <span class='ocrx_word' id='word_1_8' title='bbox 1770 476 1822 509; x_wconf 85' lang='lat' dir='ltr'>v.</span> 
     </span>
    </p>
   </div>
   <div class='ocr_carea' id='block_1_4' title="bbox 568 608 2219 3282">
    <p class='ocr_par' dir='ltr' id='par_1_4' title="bbox 568 608 2213 2144">
     <span class='ocr_line' id='line_1_4' title="bbox 650 608 2213 677; baseline -0.001 -17"><span class='ocrx_word' id='word_1_9' title='bbox 650 611 933 676; x_wconf 81' lang='lat' dir='ltr'>Cuperem</span> <span class='ocrx_word' id='word_1_10' title='bbox 1000 609 1206 659; x_wconf 89' lang='lat' dir='ltr'>deinde</span> <span class='ocrx_word' id='word_1_11' title='bbox 1260 610 1524 677; x_wconf 84' lang='lat' dir='ltr'>copiosos</span> <span class='ocrx_word' id='word_1_12' title='bbox 1577 619 1631 659; x_wconf 90' lang='lat' dir='ltr'>et</span> <span class='ocrx_word' id='word_1_13' title='bbox 1686 609 1841 659; x_wconf 92' lang='lat' dir='ltr'>domi</span> <span class='ocrx_word' id='word_1_14' title='bbox 1900 608 2213 674; x_wconf 83' lang='lat' dir='ltr'>locupletes</span> 
     </span>
     <span class='ocr_line' id='line_1_5' title="bbox 570 695 2212 763; baseline -0.001 -18"><span class='ocrx_word' id='word_1_15' title='bbox 570 696 851 756; x_wconf 90' lang='lat' dir='ltr'>homines,</span> <span class='ocrx_word' id='word_1_16' title='bbox 908 697 953 746; x_wconf 91' lang='lat' dir='ltr'>si</span> <span class='ocrx_word' id='word_1_17' title='bbox 1006 697 1205 746; x_wconf 90' lang='lat' dir='ltr'>talium</span> <span class='ocrx_word' id='word_1_18' title='bbox 1255 698 1590 746; x_wconf 91' lang='lat' dir='ltr'>idoneorum</span> <span class='ocrx_word' id='word_1_19' title='bbox 1640 698 1865 746; x_wconf 78' lang='lat' dir='ltr'>adesset</span> <span class='ocrx_word' id='word_1_20' title='bbox 1913 695 2096 763; x_wconf 88' lang='lat' dir='ltr'>copia,</span> <span class='ocrx_word' id='word_1_21' title='bbox 2141 696 2212 744; x_wconf 92' lang='lat' dir='ltr'>ad</span> 
     </span>
     <span class='ocr_line' id='line_1_6' title="bbox 573 781 2211 848; baseline 0 -16"><span class='ocrx_word' id='word_1_22' title='bbox 573 800 779 833; x_wconf 92' lang='lat' dir='ltr'>munus</span> <span class='ocrx_word' id='word_1_23' title='bbox 825 783 977 833; x_wconf 86' lang='lat' dir='ltr'>istud</span> <span class='ocrx_word' id='word_1_24' title='bbox 1017 782 1141 847; x_wconf 85' lang='lat' dir='ltr'>legi.</span> <span class='ocrx_word' id='word_1_25' title='bbox 1223 784 1305 833; x_wconf 89' lang='lat' dir='ltr'>Ad</span> <span class='ocrx_word' id='word_1_26' title='bbox 1363 783 1467 833; x_wconf 89' lang='lat' dir='ltr'>hos</span> <span class='ocrx_word' id='word_1_27' title='bbox 1520 783 1786 833; x_wconf 86' lang='lat' dir='ltr'>tenuibus</span> <span class='ocrx_word' id='word_1_28' title='bbox 1854 782 1907 832; x_wconf 90' lang='lat' dir='ltr'>in</span> <span class='ocrx_word' id='word_1_29' title='bbox 1963 781 2072 833; x_wconf 92' lang='lat' dir='ltr'>hoc</span> <span class='ocrx_word' id='word_1_30' title='bbox 2118 798 2211 848; x_wconf 85' lang='lat' dir='ltr'>ge·</span> 
     </span>
     <span class='ocr_line' id='line_1_7' title="bbox 570 862 2207 943; baseline -0.001 -24"><span class='ocrx_word' id='word_1_31' title='bbox 570 886 704 920; x_wconf 91' lang='lat' dir='ltr'>nere</span> <span class='ocrx_word' id='word_1_32' title='bbox 770 870 1176 935; x_wconf 87' lang='lat' dir='ltr'>praeoptandos</span> <span class='ocrx_word' id='word_1_33' title='bbox 1242 869 1363 920; x_wconf 79' lang='lat' dir='ltr'>haec</span> <span class='ocrx_word' id='word_1_34' title='bbox 1435 862 1519 943; x_wconf 68' lang='lat' dir='ltr'>me</span> <span class='ocrx_word' id='word_1_35' title='bbox 1586 869 1948 938; x_wconf 87' lang='lat' dir='ltr'>potissimum</span> <span class='ocrx_word' id='word_1_36' title='bbox 2016 875 2207 919; x_wconf 86' lang='lat' dir='ltr'>movet</span> 
     </span>
     <span class='ocr_line' id='line_1_8' title="bbox 569 954 2208 1022; baseline -0.001 -14"><span class='ocrx_word' id='word_1_37' title='bbox 569 955 733 1008; x_wconf 88' lang='lat' dir='ltr'>rati0.</span> <span class='ocrx_word' id='word_1_38' title='bbox 816 955 947 1007; x_wconf 92' lang='lat' dir='ltr'>Non</span> <span class='ocrx_word' id='word_1_39' title='bbox 989 954 1188 1022; x_wconf 86' lang='lat' dir='ltr'>exigua</span> <span class='ocrx_word' id='word_1_40' title='bbox 1230 974 1360 1022; x_wconf 90' lang='lat' dir='ltr'>pars</span> <span class='ocrx_word' id='word_1_41' title='bbox 1401 954 1729 1022; x_wconf 86' lang='lat' dir='ltr'>hujusmodi</span> <span class='ocrx_word' id='word_1_42' title='bbox 1772 973 2045 1006; x_wconf 83' lang='lat' dir='ltr'>censuum</span> <span class='ocrx_word' id='word_1_43' title='bbox 2088 973 2208 1006; x_wconf 88' lang='lat' dir='ltr'>cor-</span> 
     </span>
     <span class='ocr_line' id='line_1_9' title="bbox 570 1041 2211 1108; baseline -0.001 -15"><span class='ocrx_word' id='word_1_44' title='bbox 570 1049 802 1108; x_wconf 83' lang='lat' dir='ltr'>rogatur</span> <span class='ocrx_word' id='word_1_45' title='bbox 845 1059 874 1092; x_wconf 91' lang='lat' dir='ltr'>e</span> <span class='ocrx_word' id='word_1_46' title='bbox 917 1041 1079 1107; x_wconf 89' lang='lat' dir='ltr'>plebe</span> <span class='ocrx_word' id='word_1_47' title='bbox 1127 1041 1281 1108; x_wconf 92' lang='lat' dir='ltr'>inopi</span> <span class='ocrx_word' id='word_1_48' title='bbox 1330 1042 1598 1108; x_wconf 87' lang='lat' dir='ltr'>opificum</span> <span class='ocrx_word' id='word_1_49' title='bbox 1647 1059 1793 1108; x_wconf 87' lang='lat' dir='ltr'>aegre</span> <span class='ocrx_word' id='word_1_50' title='bbox 1841 1041 2045 1091; x_wconf 90' lang='lat' dir='ltr'>diurno</span> <span class='ocrx_word' id='word_1_51' title='bbox 2094 1058 2211 1091; x_wconf 91' lang='lat' dir='ltr'>ma-</span> 
     </span>
     <span class='ocr_line' id='line_1_10' title="bbox 574 1126 2207 1194; baseline -0.001 -17"><span class='ocrx_word' id='word_1_52' title='bbox 574 1127 838 1194; x_wconf 85' lang='lat' dir='ltr'>nupretio</span> <span class='ocrx_word' id='word_1_53' title='bbox 880 1126 1287 1177; x_wconf 80' lang='lat' dir='ltr'>victitantium.</span> <span class='ocrx_word' id='word_1_54' title='bbox 1371 1127 1447 1176; x_wconf 87' lang='lat' dir='ltr'>Hi</span> <span class='ocrx_word' id='word_1_55' title='bbox 1492 1127 1825 1193; x_wconf 89' lang='lat' dir='ltr'>plerumque</span> <span class='ocrx_word' id='word_1_56' title='bbox 1854 1143 2004 1187; x_wconf 90' lang='lat' dir='ltr'>cum,</span> <span class='ocrx_word' id='word_1_57' title='bbox 2037 1134 2097 1176; x_wconf 92' lang='lat' dir='ltr'>ut</span> <span class='ocrx_word' id='word_1_58' title='bbox 2126 1126 2207 1187; x_wconf 83' lang='lat' dir='ltr'>fit,</span> 
     </span>
     <span class='ocr_line' id='line_1_11' title="bbox 569 1210 2208 1275; baseline -0.002 -10"><span class='ocrx_word' id='word_1_59' title='bbox 569 1215 640 1265; x_wconf 91' lang='lat' dir='ltr'>ad</span> <span class='ocrx_word' id='word_1_60' title='bbox 683 1214 833 1265; x_wconf 91' lang='lat' dir='ltr'>diem</span> <span class='ocrx_word' id='word_1_61' title='bbox 878 1213 1150 1264; x_wconf 85' lang='lat' dir='ltr'>solvendo</span> <span class='ocrx_word' id='word_1_62' title='bbox 1201 1230 1316 1264; x_wconf 91' lang='lat' dir='ltr'>non</span> <span class='ocrx_word' id='word_1_63' title='bbox 1359 1221 1509 1275; x_wconf 87' lang='lat' dir='ltr'>sunt,</span> <span class='ocrx_word' id='word_1_64' title='bbox 1553 1212 1659 1264; x_wconf 91' lang='lat' dir='ltr'>nisi</span> <span class='ocrx_word' id='word_1_65' title='bbox 1701 1220 1994 1264; x_wconf 79' lang='lat' dir='ltr'>exactores</span> <span class='ocrx_word' id='word_1_66' title='bbox 2033 1210 2208 1263; x_wconf 90' lang='lat' dir='ltr'>vecti-</span> 
     </span>
     <span class='ocr_line' id='line_1_12' title="bbox 568 1296 2208 1366; baseline -0.002 -16"><span class='ocrx_word' id='word_1_67' title='bbox 568 1299 778 1366; x_wconf 83' lang='lat' dir='ltr'>galium</span> <span class='ocrx_word' id='word_1_68' title='bbox 836 1315 1054 1349; x_wconf 88' lang='lat' dir='ltr'>moram</span> <span class='ocrx_word' id='word_1_69' title='bbox 1119 1298 1470 1365; x_wconf 81' lang='lat' dir='ltr'>indulgeant,</span> <span class='ocrx_word' id='word_1_70' title='bbox 1527 1298 1738 1349; x_wconf 89' lang='lat' dir='ltr'>damno</span> <span class='ocrx_word' id='word_1_71' title='bbox 1792 1314 1894 1349; x_wconf 90' lang='lat' dir='ltr'>suo</span> <span class='ocrx_word' id='word_1_72' title='bbox 1958 1296 2208 1348; x_wconf 89' lang='lat' dir='ltr'>maximo</span> 
     </span>
     <span class='ocr_line' id='line_1_13' title="bbox 568 1381 2207 1449; baseline -0.002 -14"><span class='ocrx_word' id='word_1_73' title='bbox 568 1390 863 1436; x_wconf 84' lang='lat' dir='ltr'>vexantur.</span> <span class='ocrx_word' id='word_1_74' title='bbox 946 1384 1092 1434; x_wconf 84' lang='lat' dir='ltr'>Eam</span> <span class='ocrx_word' id='word_1_75' title='bbox 1141 1382 1303 1435; x_wconf 88' lang='lat' dir='ltr'>facile</span> <span class='ocrx_word' id='word_1_76' title='bbox 1351 1383 1593 1449; x_wconf 81' lang='lat' dir='ltr'>gratiam</span> <span class='ocrx_word' id='word_1_77' title='bbox 1642 1383 1950 1449; x_wconf 88' lang='lat' dir='ltr'>impetrent</span> <span class='ocrx_word' id='word_1_78' title='bbox 1994 1400 2026 1433; x_wconf 89' lang='lat' dir='ltr'>a</span> <span class='ocrx_word' id='word_1_79' title='bbox 2071 1381 2207 1433; x_wconf 88' lang='lat' dir='ltr'>divi-</span> 
     </span>
     <span class='ocr_line' id='line_1_14' title="bbox 568 1469 2207 1536; baseline -0.002 -14"><span class='ocrx_word' id='word_1_80' title='bbox 568 1470 739 1531; x_wconf 88' lang='lat' dir='ltr'>tibus,</span> <span class='ocrx_word' id='word_1_81' title='bbox 784 1470 1100 1536; x_wconf 88' lang='lat' dir='ltr'>praesertim</span> <span class='ocrx_word' id='word_1_82' title='bbox 1147 1470 1280 1520; x_wconf 87' lang='lat' dir='ltr'>viris</span> <span class='ocrx_word' id='word_1_83' title='bbox 1326 1470 1492 1520; x_wconf 88' lang='lat' dir='ltr'>bonis</span> <span class='ocrx_word' id='word_1_84' title='bbox 1535 1480 1589 1520; x_wconf 91' lang='lat' dir='ltr'>et</span> <span class='ocrx_word' id='word_1_85' title='bbox 1638 1471 1709 1520; x_wconf 93' lang='lat' dir='ltr'>ad</span> <span class='ocrx_word' id='word_1_86' title='bbox 1759 1469 2207 1520; x_wconf 88' lang='lat' dir='ltr'>misericordiam</span> 
     </span>
     <span class='ocr_line' id='line_1_15' title="bbox 569 1555 2209 1624; baseline -0.002 -17"><span class='ocrx_word' id='word_1_87' title='bbox 569 1556 885 1624; x_wconf 88' lang='lat' dir='ltr'>propensis,</span> <span class='ocrx_word' id='word_1_88' title='bbox 928 1555 1022 1623; x_wconf 88' lang='lat' dir='ltr'>qui</span> <span class='ocrx_word' id='word_1_89' title='bbox 1053 1575 1081 1606; x_wconf 90' lang='lat' dir='ltr'>e</span> <span class='ocrx_word' id='word_1_90' title='bbox 1111 1575 1168 1606; x_wconf 92' lang='lat' dir='ltr'>re</span> <span class='ocrx_word' id='word_1_91' title='bbox 1210 1555 1399 1622; x_wconf 92' lang='lat' dir='ltr'>ampla</span> <span class='ocrx_word' id='word_1_92' title='bbox 1440 1556 1758 1606; x_wconf 89' lang='lat' dir='ltr'>domestica</span> <span class='ocrx_word' id='word_1_93' title='bbox 1799 1555 1951 1606; x_wconf 90' lang='lat' dir='ltr'>nullo</span> <span class='ocrx_word' id='word_1_94' title='bbox 1992 1555 2209 1606; x_wconf 93' lang='lat' dir='ltr'>incom-</span> 
     </span>
     <span class='ocr_line' id='line_1_16' title="bbox 569 1642 2206 1710; baseline -0.001 -15"><span class='ocrx_word' id='word_1_95' title='bbox 569 1645 742 1695; x_wconf 92' lang='lat' dir='ltr'>modo</span> <span class='ocrx_word' id='word_1_96' title='bbox 790 1643 845 1693; x_wconf 91' lang='lat' dir='ltr'>in</span> <span class='ocrx_word' id='word_1_97' title='bbox 893 1650 1254 1694; x_wconf 89' lang='lat' dir='ltr'>antecessum</span> <span class='ocrx_word' id='word_1_98' title='bbox 1309 1642 1566 1693; x_wconf 89' lang='lat' dir='ltr'>conferre</span> <span class='ocrx_word' id='word_1_99' title='bbox 1620 1642 1809 1694; x_wconf 90' lang='lat' dir='ltr'>valent</span> <span class='ocrx_word' id='word_1_100' title='bbox 1866 1643 2017 1710; x_wconf 89' lang='lat' dir='ltr'>quod</span> <span class='ocrx_word' id='word_1_101' title='bbox 2074 1659 2206 1693; x_wconf 90' lang='lat' dir='ltr'>mox</span> 
     </span>
     <span class='ocr_line' id='line_1_17' title="bbox 569 1729 2205 1797; baseline -0.001 -16"><span class='ocrx_word' id='word_1_102' title='bbox 569 1730 866 1797; x_wconf 87' lang='lat' dir='ltr'>recipiant.</span> <span class='ocrx_word' id='word_1_103' title='bbox 962 1730 1203 1797; x_wconf 88' lang='lat' dir='ltr'>Angusti</span> <span class='ocrx_word' id='word_1_104' title='bbox 1254 1749 1283 1779; x_wconf 89' lang='lat' dir='ltr'>a</span> <span class='ocrx_word' id='word_1_105' title='bbox 1330 1748 1387 1779; x_wconf 93' lang='lat' dir='ltr'>re</span> <span class='ocrx_word' id='word_1_106' title='bbox 1447 1729 1709 1780; x_wconf 88' lang='lat' dir='ltr'>familiari</span> <span class='ocrx_word' id='word_1_107' title='bbox 1769 1730 1882 1780; x_wconf 91' lang='lat' dir='ltr'>fere</span> <span class='ocrx_word' id='word_1_108' title='bbox 1943 1738 2074 1780; x_wconf 92' lang='lat' dir='ltr'>sunt</span> <span class='ocrx_word' id='word_1_109' title='bbox 2134 1731 2205 1780; x_wconf 91' lang='lat' dir='ltr'>ad</span> 
     </span>
     <span class='ocr_line' id='line_1_18' title="bbox 569 1816 2207 1885; baseline -0.001 -17"><span class='ocrx_word' id='word_1_110' title='bbox 569 1818 705 1869; x_wconf 91' lang='lat' dir='ltr'>talia</span> <span class='ocrx_word' id='word_1_111' title='bbox 759 1817 1150 1879; x_wconf 83' lang='lat' dir='ltr'>inexorabiles,</span> <span class='ocrx_word' id='word_1_112' title='bbox 1206 1825 1260 1868; x_wconf 91' lang='lat' dir='ltr'>et</span> <span class='ocrx_word' id='word_1_113' title='bbox 1303 1817 1428 1884; x_wconf 90' lang='lat' dir='ltr'>jure</span> <span class='ocrx_word' id='word_1_114' title='bbox 1483 1835 1709 1867; x_wconf 91' lang='lat' dir='ltr'>summo</span> <span class='ocrx_word' id='word_1_115' title='bbox 1764 1825 1959 1884; x_wconf 88' lang='lat' dir='ltr'>agunt,</span> <span class='ocrx_word' id='word_1_116' title='bbox 2014 1816 2207 1885; x_wconf 89' lang='lat' dir='ltr'>pigne-</span> 
     </span>
     <span class='ocr_line' id='line_1_19' title="bbox 570 1904 2211 1970; baseline 0 -15"><span class='ocrx_word' id='word_1_117' title='bbox 570 1913 763 1956; x_wconf 89' lang='lat' dir='ltr'>rantes</span> <span class='ocrx_word' id='word_1_118' title='bbox 816 1912 872 1955; x_wconf 91' lang='lat' dir='ltr'>et</span> <span class='ocrx_word' id='word_1_119' title='bbox 925 1912 1264 1970; x_wconf 88' lang='lat' dir='ltr'>prensantes</span> <span class='ocrx_word' id='word_1_120' title='bbox 1326 1905 1528 1955; x_wconf 87' lang='lat' dir='ltr'>acerbe</span> <span class='ocrx_word' id='word_1_121' title='bbox 1598 1904 1884 1955; x_wconf 88' lang='lat' dir='ltr'>debitores</span> <span class='ocrx_word' id='word_1_122' title='bbox 1955 1904 2211 1965; x_wconf 80' lang='lat' dir='ltr'>miserOS,</span> 
     </span>
     <span class='ocr_line' id='line_1_20' title="bbox 571 1989 2213 2057; baseline 0 -16"><span class='ocrx_word' id='word_1_123' title='bbox 571 1989 616 2041; x_wconf 89' lang='lat' dir='ltr'>si</span> <span class='ocrx_word' id='word_1_124' title='bbox 686 1989 916 2057; x_wconf 90' lang='lat' dir='ltr'>quando</span> <span class='ocrx_word' id='word_1_125' title='bbox 976 1989 1030 2039; x_wconf 88' lang='lat' dir='ltr'>in</span> <span class='ocrx_word' id='word_1_126' title='bbox 1097 1997 1398 2041; x_wconf 90' lang='lat' dir='ltr'>numerato</span> <span class='ocrx_word' id='word_1_127' title='bbox 1463 2007 1575 2041; x_wconf 84' lang='lat' dir='ltr'>non</span> <span class='ocrx_word' id='word_1_128' title='bbox 1631 1989 1880 2042; x_wconf 88' lang='lat' dir='ltr'>habeant</span> <span class='ocrx_word' id='word_1_129' title='bbox 1936 1990 2086 2042; x_wconf 89' lang='lat' dir='ltr'>unde</span> <span class='ocrx_word' id='word_1_130' title='bbox 2142 1989 2213 2041; x_wconf 88' lang='lat' dir='ltr'>ad</span> 
     </span>
     <span class='ocr_line' id='line_1_21' title="bbox 572 2074 1514 2144; baseline -0.001 -16"><span class='ocrx_word' id='word_1_131' title='bbox 572 2075 869 2144; x_wconf 87' lang='lat' dir='ltr'>praefixum</span> <span class='ocrx_word' id='word_1_132' title='bbox 914 2075 1224 2127; x_wconf 83' lang='lat' dir='ltr'>terminum</span> <span class='ocrx_word' id='word_1_133' title='bbox 1270 2074 1514 2128; x_wconf 90' lang='lat' dir='ltr'>solvant.</span> 
     </span>
    </p>

    <p class='ocr_par' dir='ltr' id='par_1_5' title="bbox 568 2163 2219 3282">
     <span class='ocr_line' id='line_1_22' title="bbox 647 2163 2210 2232; baseline 0.001 -18"><span class='ocrx_word' id='word_1_134' title='bbox 647 2164 829 2230; x_wconf 85' lang='lat' dir='ltr'>Super</span> <span class='ocrx_word' id='word_1_135' title='bbox 874 2163 1084 2224; x_wconf 88' lang='lat' dir='ltr'>omnia,</span> <span class='ocrx_word' id='word_1_136' title='bbox 1134 2182 1233 2230; x_wconf 92' lang='lat' dir='ltr'>per</span> <span class='ocrx_word' id='word_1_137' title='bbox 1280 2173 1559 2230; x_wconf 91' lang='lat' dir='ltr'>quantum</span> <span class='ocrx_word' id='word_1_138' title='bbox 1604 2164 1841 2231; x_wconf 90' lang='lat' dir='ltr'>obsequi</span> <span class='ocrx_word' id='word_1_139' title='bbox 1888 2183 1954 2215; x_wconf 92' lang='lat' dir='ltr'>ac</span> <span class='ocrx_word' id='word_1_140' title='bbox 2000 2164 2210 2232; x_wconf 91' lang='lat' dir='ltr'>gratifi-</span> 
     </span>
     <span class='ocr_line' id='line_1_23' title="bbox 568 2250 2210 2315; baseline 0.001 -13"><span class='ocrx_word' id='word_1_141' title='bbox 568 2250 683 2302; x_wconf 89' lang='lat' dir='ltr'>cari</span> <span class='ocrx_word' id='word_1_142' title='bbox 727 2251 852 2301; x_wconf 92' lang='lat' dir='ltr'>Deo</span> <span class='ocrx_word' id='word_1_143' title='bbox 895 2251 1147 2302; x_wconf 89' lang='lat' dir='ltr'>Domino</span> <span class='ocrx_word' id='word_1_144' title='bbox 1189 2252 1403 2313; x_wconf 79' lang='lat' dir='ltr'>studeS‚</span> <span class='ocrx_word' id='word_1_145' title='bbox 1447 2268 1545 2302; x_wconf 91' lang='lat' dir='ltr'>oro</span> <span class='ocrx_word' id='word_1_146' title='bbox 1583 2260 1636 2303; x_wconf 94' lang='lat' dir='ltr'>et</span> <span class='ocrx_word' id='word_1_147' title='bbox 1679 2252 1915 2304; x_wconf 91' lang='lat' dir='ltr'>obsecro</span> <span class='ocrx_word' id='word_1_148' title='bbox 1955 2260 2030 2315; x_wconf 91' lang='lat' dir='ltr'>te,</span> <span class='ocrx_word' id='word_1_149' title='bbox 2074 2269 2210 2304; x_wconf 88' lang='lat' dir='ltr'>cave</span> 
     </span>
     <span class='ocr_line' id='line_1_24' title="bbox 570 2338 2208 2407; baseline 0.002 -18"><span class='ocrx_word' id='word_1_150' title='bbox 570 2355 639 2390; x_wconf 92' lang='lat' dir='ltr'>ne</span> <span class='ocrx_word' id='word_1_151' title='bbox 688 2338 746 2390; x_wconf 91' lang='lat' dir='ltr'>in</span> <span class='ocrx_word' id='word_1_152' title='bbox 794 2338 1167 2390; x_wconf 85' lang='lat' dir='ltr'>offensionem</span> <span class='ocrx_word' id='word_1_153' title='bbox 1222 2338 1561 2407; x_wconf 88' lang='lat' dir='ltr'>cujusquam</span> <span class='ocrx_word' id='word_1_154' title='bbox 1616 2339 1887 2402; x_wconf 79' lang='lat' dir='ltr'>incurraS‚</span> <span class='ocrx_word' id='word_1_155' title='bbox 1945 2346 2042 2393; x_wconf 89' lang='lat' dir='ltr'>aut</span> <span class='ocrx_word' id='word_1_156' title='bbox 2092 2339 2208 2407; x_wconf 89' lang='lat' dir='ltr'>jus-</span> 
     </span>
     <span class='ocr_line' id='line_1_25' title="bbox 570 2423 2211 2497; baseline 0 -20"><span class='ocrx_word' id='word_1_157' title='bbox 570 2430 691 2477; x_wconf 91' lang='lat' dir='ltr'>tam</span> <span class='ocrx_word' id='word_1_158' title='bbox 745 2423 1001 2491; x_wconf 86' lang='lat' dir='ltr'>praebeas</span> <span class='ocrx_word' id='word_1_159' title='bbox 1060 2424 1421 2476; x_wconf 90' lang='lat' dir='ltr'>occasionem</span> <span class='ocrx_word' id='word_1_160' title='bbox 1483 2427 1859 2497; x_wconf 71' lang='lat' dir='ltr'>querelarum.</span> <span class='ocrx_word' id='word_1_161' title='bbox 1942 2426 2007 2479; x_wconf 88' lang='lat' dir='ltr'>Id</span> <span class='ocrx_word' id='word_1_162' title='bbox 2061 2444 2211 2477; x_wconf 88' lang='lat' dir='ltr'>asse-</span> 
     </span>
     <span class='ocr_line' id='line_1_26' title="bbox 571 2510 2212 2580; baseline 0.001 -18"><span class='ocrx_word' id='word_1_163' title='bbox 571 2510 760 2578; x_wconf 90' lang='lat' dir='ltr'>queris</span> <span class='ocrx_word' id='word_1_164' title='bbox 790 2510 834 2562; x_wconf 93' lang='lat' dir='ltr'>si</span> <span class='ocrx_word' id='word_1_165' title='bbox 864 2519 920 2562; x_wconf 94' lang='lat' dir='ltr'>te</span> <span class='ocrx_word' id='word_1_166' title='bbox 962 2510 1208 2562; x_wconf 90' lang='lat' dir='ltr'>demisse</span> <span class='ocrx_word' id='word_1_167' title='bbox 1251 2512 1576 2563; x_wconf 90' lang='lat' dir='ltr'>modestum</span> <span class='ocrx_word' id='word_1_168' title='bbox 1619 2521 1673 2564; x_wconf 93' lang='lat' dir='ltr'>et</span> <span class='ocrx_word' id='word_1_169' title='bbox 1715 2514 1784 2563; x_wconf 93' lang='lat' dir='ltr'>ab</span> <span class='ocrx_word' id='word_1_170' title='bbox 1826 2514 1981 2564; x_wconf 91' lang='lat' dir='ltr'>omni</span> <span class='ocrx_word' id='word_1_171' title='bbox 2023 2514 2212 2580; x_wconf 90' lang='lat' dir='ltr'>specie</span> 
     </span>
     <span class='ocr_line' id='line_1_27' title="bbox 569 2597 2210 2667; baseline 0.003 -20"><span class='ocrx_word' id='word_1_172' title='bbox 569 2597 751 2648; x_wconf 90' lang='lat' dir='ltr'>fastus</span> <span class='ocrx_word' id='word_1_173' title='bbox 791 2597 1201 2648; x_wconf 90' lang='lat' dir='ltr'>alienissimum</span> <span class='ocrx_word' id='word_1_174' title='bbox 1245 2617 1470 2665; x_wconf 90' lang='lat' dir='ltr'>semper</span> <span class='ocrx_word' id='word_1_175' title='bbox 1511 2600 1752 2667; x_wconf 89' lang='lat' dir='ltr'>populus</span> <span class='ocrx_word' id='word_1_176' title='bbox 1793 2601 2210 2662; x_wconf 84' lang='lat' dir='ltr'>observaverit3</span> 
     </span>
     <span class='ocr_line' id='line_1_28' title="bbox 571 2685 2211 2754; baseline 0.002 -18"><span class='ocrx_word' id='word_1_177' title='bbox 571 2702 745 2753; x_wconf 89' lang='lat' dir='ltr'>quare</span> <span class='ocrx_word' id='word_1_178' title='bbox 793 2685 1075 2751; x_wconf 89' lang='lat' dir='ltr'>auspicari</span> <span class='ocrx_word' id='word_1_179' title='bbox 1123 2685 1521 2752; x_wconf 86' lang='lat' dir='ltr'>praefecturam</span> <span class='ocrx_word' id='word_1_180' title='bbox 1570 2687 1808 2738; x_wconf 84' lang='lat' dir='ltr'>edendis</span> <span class='ocrx_word' id='word_1_181' title='bbox 1857 2687 2081 2754; x_wconf 90' lang='lat' dir='ltr'>publice</span> <span class='ocrx_word' id='word_1_182' title='bbox 2128 2688 2211 2739; x_wconf 91' lang='lat' dir='ltr'>tui</span> 
     </span>
     <span class='ocr_line' id='line_1_29' title="bbox 572 2770 2213 2840; baseline 0.001 -15"><span class='ocrx_word' id='word_1_183' title='bbox 572 2770 958 2838; x_wconf 85' lang='lat' dir='ltr'>depressionis</span> <span class='ocrx_word' id='word_1_184' title='bbox 999 2772 1271 2839; x_wconf 90' lang='lat' dir='ltr'>exemplis</span> <span class='ocrx_word' id='word_1_185' title='bbox 1313 2772 1503 2833; x_wconf 77' lang='lat' dir='ltr'>debeS‚</span> <span class='ocrx_word' id='word_1_186' title='bbox 1547 2773 1825 2825; x_wconf 86' lang='lat' dir='ltr'>obeundis</span> <span class='ocrx_word' id='word_1_187' title='bbox 1866 2773 2054 2840; x_wconf 90' lang='lat' dir='ltr'>palam</span> <span class='ocrx_word' id='word_1_188' title='bbox 2094 2791 2213 2826; x_wconf 92' lang='lat' dir='ltr'>om-</span> 
     </span>
     <span class='ocr_line' id='line_1_30' title="bbox 571 2857 2214 2925; baseline 0.002 -16"><span class='ocrx_word' id='word_1_189' title='bbox 571 2857 659 2909; x_wconf 90' lang='lat' dir='ltr'>nis</span> <span class='ocrx_word' id='word_1_190' title='bbox 711 2857 936 2925; x_wconf 87' lang='lat' dir='ltr'>generis</span> <span class='ocrx_word' id='word_1_191' title='bbox 990 2858 1186 2910; x_wconf 88' lang='lat' dir='ltr'>officiis</span> <span class='ocrx_word' id='word_1_192' title='bbox 1245 2858 1572 2920; x_wconf 90' lang='lat' dir='ltr'>humilibus,</span> <span class='ocrx_word' id='word_1_193' title='bbox 1630 2860 1684 2911; x_wconf 88' lang='lat' dir='ltr'>in</span> <span class='ocrx_word' id='word_1_194' title='bbox 1741 2861 2106 2922; x_wconf 89' lang='lat' dir='ltr'>nosocomiis,</span> <span class='ocrx_word' id='word_1_195' title='bbox 2157 2861 2214 2912; x_wconf 93' lang='lat' dir='ltr'>in</span> 
     </span>
     <span class='ocr_line' id='line_1_31' title="bbox 572 2945 2217 3018; baseline 0.002 -22"><span class='ocrx_word' id='word_1_196' title='bbox 572 2945 866 3005; x_wconf 90' lang='lat' dir='ltr'>custodiis,</span> <span class='ocrx_word' id='word_1_197' title='bbox 914 2946 1294 2996; x_wconf 90' lang='lat' dir='ltr'>ministrando</span> <span class='ocrx_word' id='word_1_198' title='bbox 1338 2948 1550 3015; x_wconf 85' lang='lat' dir='ltr'>egenis,</span> <span class='ocrx_word' id='word_1_199' title='bbox 1598 2949 1722 2998; x_wconf 92' lang='lat' dir='ltr'>rudi</span> <span class='ocrx_word' id='word_1_200' title='bbox 1767 2949 1930 3017; x_wconf 91' lang='lat' dir='ltr'>plebe</span> <span class='ocrx_word' id='word_1_201' title='bbox 1972 2968 2037 3000; x_wconf 93' lang='lat' dir='ltr'>ac</span> <span class='ocrx_word' id='word_1_202' title='bbox 2084 2968 2217 3018; x_wconf 88' lang='lat' dir='ltr'>pue-</span> 
     </span>
     <span class='ocr_line' id='line_1_32' title="bbox 571 3034 2215 3103; baseline 0.002 -18"><span class='ocrx_word' id='word_1_203' title='bbox 571 3034 646 3085; x_wconf 91' lang='lat' dir='ltr'>ris</span> <span class='ocrx_word' id='word_1_204' title='bbox 675 3035 968 3085; x_wconf 66' lang='lat' dir='ltr'>docendis</span> <span class='ocrx_word' id='word_1_205' title='bbox 1054 3036 1196 3086; x_wconf 85' lang='lat' dir='ltr'>Haec</span> <span class='ocrx_word' id='word_1_206' title='bbox 1245 3035 1298 3085; x_wconf 89' lang='lat' dir='ltr'>in</span> <span class='ocrx_word' id='word_1_207' title='bbox 1349 3036 1547 3102; x_wconf 89' lang='lat' dir='ltr'>primis</span> <span class='ocrx_word' id='word_1_208' title='bbox 1594 3037 1889 3103; x_wconf 89' lang='lat' dir='ltr'>popularia</span> <span class='ocrx_word' id='word_1_209' title='bbox 1961 3053 2215 3089; x_wconf 85' lang='lat' dir='ltr'>amorem</span> 
     </span>
     <span class='ocr_line' id='line_1_33' title="bbox 573 3120 2215 3190; baseline 0.002 -18"><span class='ocrx_word' id='word_1_210' title='bbox 573 3120 630 3173; x_wconf 91' lang='lat' dir='ltr'>in</span> <span class='ocrx_word' id='word_1_211' title='bbox 697 3128 752 3174; x_wconf 86' lang='lat' dir='ltr'>te</span> <span class='ocrx_word' id='word_1_212' title='bbox 809 3120 1190 3174; x_wconf 84' lang='lat' dir='ltr'>multitudinis</span> <span class='ocrx_word' id='word_1_213' title='bbox 1256 3121 1592 3174; x_wconf 89' lang='lat' dir='ltr'>accendent.</span> <span class='ocrx_word' id='word_1_214' title='bbox 1702 3122 1875 3175; x_wconf 88' lang='lat' dir='ltr'>Porro</span> <span class='ocrx_word' id='word_1_215' title='bbox 1917 3141 2060 3190; x_wconf 89' lang='lat' dir='ltr'>quos</span> <span class='ocrx_word' id='word_1_216' title='bbox 2133 3121 2215 3175; x_wconf 91' lang='lat' dir='ltr'>tui</span> 
     </span>
     <span class='ocr_line' id='line_1_34' title="bbox 576 3207 2219 3282; baseline 0.001 -22"><span class='ocrx_word' id='word_1_217' title='bbox 576 3226 739 3260; x_wconf 86' lang='lat' dir='ltr'>amor</span> <span class='ocrx_word' id='word_1_218' title='bbox 802 3208 1306 3275; x_wconf 82' lang='lat' dir='ltr'>praeoccupaverit,</span> <span class='ocrx_word' id='word_1_219' title='bbox 1378 3208 1412 3259; x_wconf 91' lang='lat' dir='ltr'>ii</span> <span class='ocrx_word' id='word_1_220' title='bbox 1480 3207 1632 3260; x_wconf 92' lang='lat' dir='ltr'>haud</span> <span class='ocrx_word' id='word_1_221' title='bbox 1687 3217 1901 3265; x_wconf 87' lang='lat' dir='ltr'>temere</span> <span class='ocrx_word' id='word_1_222' title='bbox 1946 3210 2219 3282; x_wconf 90' lang='lat' dir='ltr'>interpre-</span> 
     </span>
    </p>
   </div>
   <div class='ocr_carea' id='block_1_5' title="bbox 2492 3708 2560 3748">
    <p class='ocr_par' dir='ltr' id='par_1_6' title="bbox 2492 3708 2560 3748">
     <span class='ocr_line' id='line_1_35' title="bbox 2492 3708 2560 3748; baseline 0 6"><span class='ocrx_word' id='word_1_223' title='bbox 2492 3708 2560 3748; x_wconf 95' lang='lat' dir='ltr'> </span> 
     </span>
    </p>
   </div>
  </div>
 </body>
</html>
