2665 3754
715 318 820 383 386
1126 333 1312 371 LIBER
1352 332 1835 372 lx.——EPISTOLA
1879 335 1932 372 x.

786 463 1045 517 Sinensis
1099 471 1398 528 mercator,
1454 484 1487 518 a
1533 483 1645 533 quo
1692 472 1961 533 exspecto
2007 482 2098 518 me
2144 465 2342 534 depor-

710 551 950 604 tandum
1015 551 1071 603 in
1124 559 1335 604 terram
1392 551 1760 615 Cantoniam,
1820 550 1983 605 valde
2036 558 2207 605 notus
2260 561 2345 608 est

713 638 964 691 Manueli
1008 640 1078 692 de
1120 638 1363 702 ChaveS,
1409 657 1578 708 quem
1624 640 1824 693 diebus
1868 639 2061 693 multis
2104 640 2344 694 abscon-

709 725 892 779 ditum
931 726 1087 779 domi
1124 746 1240 778 suae
1277 726 1334 778 in
1372 727 1508 779 urbe
1548 726 1830 780 Cantonis
1868 725 2071 790 tenuit,
2113 727 2345 796 quando

710 813 757 867 is
798 813 938 883 fugit
982 832 1012 867 e
1053 832 1295 867 carcere.
1377 815 1507 867 Hoc
1548 814 1735 884 ipsum
1777 813 1911 868 facit
1957 822 2016 867 ut
2058 814 2343 868 confidam

711 900 1044 969 neutiquam
1100 900 1255 953 illum
1316 920 1349 953 a
1405 901 1517 953 fide
1576 900 1716 953 mihi
1773 902 1907 954 data
1967 901 2342 964 desciturum3

708 987 1026 1056 praesertim
1070 1006 1200 1041 cum
1245 988 1384 1041 satis
1428 987 1821 1051 intellexerim,
1864 988 2094 1056 quando
2137 987 2195 1039 in
2236 986 2344 1041 hoc

710 1074 1087 1128 Sancianensi
1139 1082 1307 1143 portu
1361 1092 1490 1127 cum
1543 1093 1612 1127 eo
1663 1073 1924 1137 tractavi,
1980 1072 2133 1127 haud
2185 1073 2344 1142 parvi

706 1163 777 1215 ab
851 1181 919 1215 eo
993 1160 1113 1215 fieri
1180 1179 1352 1230 quam
1417 1160 1653 1229 promisi
1720 1161 2040 1215 mercedem
2108 1166 2341 1214 centum

704 1248 905 1317 viginti
944 1247 1366 1300 medimnorum
1407 1246 1636 1315 piperiS,
1674 1246 1798 1315 ejus
1836 1265 2009 1315 quam
2049 1264 2220 1315 supra
2252 1265 2341 1300 ex-

706 1334 868 1403 posui
925 1352 1224 1387 mensurae.

778 1420 1023 1473 Confido
1052 1439 1143 1473 me
1172 1438 1271 1488 per
1303 1419 1626 1473 Manuelem
1657 1420 1726 1474 de
1750 1419 1996 1483 ChaveS,
2027 1437 2196 1489 quem
2219 1418 2340 1488 jam

703 1509 1003 1561 liberatum
1052 1516 1107 1560 et
1155 1508 1212 1558 in
1258 1508 1556 1576 procinctu
1604 1508 1677 1559 ad
1720 1507 1965 1560 reditum
2013 1506 2070 1558 in
2116 1506 2339 1559 Indiam

704 1602 1060 1663 reperturum
1115 1613 1205 1647 me
1254 1596 1518 1647 Cantone
1572 1612 1754 1662 spem,
1810 1593 1931 1647 fuse
1984 1593 2057 1646 ad
2109 1601 2166 1647 te
2218 1611 2338 1662 per-

705 1681 1047 1747 scripturum
1090 1680 1381 1747 quomodo
1424 1680 1717 1747 negotium
1761 1678 2097 1732 successerit
2149 1689 2205 1731 et
2246 1697 2339 1731 na-

703 1766 1007 1835 vigationis
1041 1775 1096 1819 et
1126 1766 1477 1834 exceptionis
1510 1766 1567 1817 in
1597 1766 1793 1818 urbem
1824 1768 2148 1818 Cantonem
2178 1783 2338 1817 meae.

780 1852 839 1904 Si
892 1869 1025 1904 vero
1083 1852 1281 1919 (quod
1338 1852 1496 1904 Deus
1553 1855 1818 1914 avertat)
1887 1851 2057 1902 fidem
2124 1850 2339 1903 falleret

708 1937 964 1988 Sinensis
1004 1936 1094 1988 ille
1136 1945 1436 1998 mercator,
1476 1956 1582 1988 nec
1622 1935 1862 1988 facultas
1903 1935 2041 1987 mihi
2082 1935 2192 1988 alia
2232 1935 2341 1988 ulla

707 2032 1032 2093 suppeteret
1060 2024 1169 2076 hoc
1191 2042 1344 2077 anno
1373 2024 1430 2076 in
1455 2024 1706 2076 Sinicam
1736 2024 2129 2077 continentem
2159 2031 2338 2076 trans-

708 2110 992 2174 mittendi,
1023 2110 1158 2180 quid
1193 2118 1315 2164 tum
1351 2110 1572 2164 consilii
1607 2128 1889 2179 caperem,
1920 2128 2132 2179 anceps
2165 2109 2340 2163 animi

704 2200 954 2269 pendeo;
1011 2198 1221 2268 quippe
1274 2199 1531 2252 nondum
1585 2198 1859 2252 constitui
1911 2198 2231 2252 rediremne
2282 2197 2339 2250 in

708 2287 951 2350 Indiam,
991 2305 1062 2339 an
1099 2305 1188 2339 me
1222 2286 1538 2339 conferrem
1577 2287 1650 2340 ad
1686 2287 1875 2341 Sionis
1909 2305 2119 2356 regem,
2159 2305 2192 2339 a
2228 2303 2339 2356 quo

703 2376 874 2428 audio
914 2376 986 2427 ad
1027 2393 1218 2444 regem
1259 2375 1525 2428 Sinarum
1568 2375 1833 2428 adornari
1874 2375 2155 2428 celebrem
2192 2374 2337 2443 lega-

702 2462 939 2526 tionem,
993 2462 1156 2530 cujus
1212 2462 1269 2513 in
1322 2462 1599 2515 comitatu
1654 2461 1842 2515 locum
1898 2461 2042 2515 forte
2094 2460 2338 2531 reperire

701 2565 930 2618 possem
974 2549 1239 2618 aliquem.
1320 2548 1380 2602 Si
1424 2557 1680 2617 repetam
1720 2548 1965 2613 Indiam,
2011 2566 2140 2618 spes
2184 2547 2336 2601 afful-

700 2644 794 2709 get
853 2634 1022 2702 nulla,
1087 2635 1360 2707 quamdiu
1413 2634 1651 2691 Alvarus
1706 2636 1893 2691 Gama
1949 2634 2186 2691 Malacae
2240 2634 2335 2689 do-

703 2723 1032 2787 minabitur,
1075 2741 1179 2778 nos
1216 2723 1363 2793 aequi
1399 2723 1606 2777 bonive
1643 2723 1955 2793 quidquam
1998 2723 2126 2778 istic
2162 2723 2335 2792 impe-

701 2820 968 2876 traturOS,
1010 2819 1108 2864 aut
1154 2810 1388 2864 omnino
1433 2809 1802 2864 memorabile
1844 2809 2138 2886 quippiam
2188 2809 2337 2864 circa

702 2901 1001 2954 Sinensem
1056 2899 1205 2952 hanc
1258 2908 1516 2952 nostram
1570 2898 1991 2967 expeditionem
2048 2915 2335 2951 successu-

700 3004 844 3050 rum,
899 2986 1005 3040 nisi
1055 2988 1211 3039 Deus
1264 3003 1433 3054 supra
1482 2985 1793 3039 humanam
1848 2984 2334 3054 exspectationem

702 3073 912 3143 aliquid
965 3072 1016 3125 vi
1073 3092 1172 3126 sua
1227 3090 1491 3140 suprema
1538 3070 1750 3125 fecerit.
1833 3073 1963 3125 Non
2012 3071 2198 3126 scrib'o
2244 3068 2334 3122 hic
