2665 3754
655 377 760 445 264
1017 393 1202 429 LIBER
1241 393 1776 431 V111.—EPISTOLA
1813 393 1929 430 XVI.

649 533 1041 586 obedientiam
1095 534 1282 586 tribuo
1335 534 1659 603 plurimum.
1760 533 1871 585 Hic
1924 533 2147 602 egregia
2196 542 2283 587 est

650 621 1029 674 concionandi
1084 621 1356 675 facultate
1411 622 1702 690 praedituS,
1761 629 1820 674 ut
1871 621 2095 690 quoties
2147 620 2283 675 dicit

652 706 724 759 ad
761 706 1035 775 populum
1071 707 1238 772 (dicit
1279 715 1471 760 autem
1513 707 1770 776 saepiUS,)
1803 708 1936 760 fletu
1967 724 2033 759 ac
2070 707 2283 775 gemitu

654 792 930 862 templum
1012 794 1380 863 compleatur.
1477 796 1601 849 Deo
1676 795 1955 847 bonorum
2027 792 2282 847 omnium

652 880 904 949 largitori
952 882 1217 935 habenda
1264 890 1348 935 est
1395 882 1595 950 gratia.

727 968 928 1021 Frater
980 968 1044 1031 is,
1100 968 1194 1037 qui
1248 968 1350 1021 has
1402 968 1505 1022 tibi
1570 968 1788 1022 litteras
1852 968 2070 1032 reddet,
2137 967 2284 1022 istuc

649 1054 822 1118 venit,
854 1062 913 1107 ut
957 1073 1148 1108 coram
1193 1074 1260 1108 ex
1302 1073 1369 1108 eo
1412 1073 1726 1124 cognoscas
1770 1061 2121 1124 quantopere
2167 1072 2283 1108 non

650 1139 833 1192 solum
880 1141 1126 1210 Japonia
1173 1149 1227 1193 et
1274 1160 1510 1209 regnum
1566 1141 1829 1193 Sinarum
1882 1141 1959 1203 (si
2015 1142 2140 1192 Deo
2185 1141 2282 1193 ad-

643 1228 881 1294 juvante
951 1228 1157 1289 aditus,
1225 1236 1286 1279 ut
1351 1247 1533 1294 spero,
1603 1227 1915 1294 Evangelio
1980 1226 2280 1294 patuerit,)

648 1330 844 1364 verum
897 1312 1071 1364 etiam
1129 1314 1295 1365 India
1347 1314 1469 1380 ipsa
1526 1315 1722 1365 Patres
1775 1332 1804 1365 e
1862 1313 2148 1366 Societate
2203 1331 2284 1365 re-

650 1397 855 1466 quirat,
908 1398 1076 1460 virOS,
1132 1398 1383 1467 inquam,
1443 1418 1653 1467 magno
1718 1418 1903 1451 rerum
1963 1417 2085 1461 usn,
2140 1417 2281 1467 prae-

654 1484 831 1539 stanti
857 1484 1065 1538 virtute
1095 1502 1161 1538 ac
1203 1486 1331 1549 fide,
1378 1486 1578 1538 robore
1622 1493 1811 1538 autem
1856 1486 1943 1538 vel
1980 1485 2154 1538 animi
2197 1485 2283 1538 vel

648 1572 903 1641 corporis
956 1572 1245 1642 singulari.
1324 1572 1492 1625 Tales
1539 1572 1821 1642 praecipue
1868 1580 2092 1642 oportet
2140 1591 2282 1636 esse,

646 1659 862 1729 qui-in
924 1660 1251 1731 Japoniam,
1321 1660 1505 1723 Sinas,
1575 1660 1883 1723 Molucum,
1950 1660 2283 1712 Armuziam

650 1746 1025 1800 destinantur.

722 1832 833 1902 Qui
876 1831 998 1884 haec
1042 1832 1097 1883 in
1140 1832 1264 1884 loca
1307 1832 1530 1884 venturi
1572 1839 1702 1885 sunt
1744 1840 1804 1885 ut
1845 1832 2167 1884 animorum
2196 1850 2281 1884 sa-

646 1918 748 1971 luti
793 1919 1111 1980 consulant,
1155 1920 1374 1971 duabus
1421 1919 1575 1971 hisce
1618 1920 1785 1971 rebus
1822 1936 2013 1972 carere
2042 1935 2158 1971 non
2187 1919 2280 1971 de-

647 2006 810 2057 bent:
859 2004 1126 2073 primum,
1174 2012 1234 2056 ut
1282 2004 1395 2056 sint
1442 2004 1727 2056 laboribus
1773 2005 2003 2068 assueti,
2053 2005 2110 2056 in
2161 2004 2280 2073 qui-

647 2093 752 2143 bus
806 2099 867 2143 ut
921 2090 1158 2159 quisque
1213 2090 1457 2142 maxime
1512 2098 1804 2158 spectatus
1855 2091 1978 2153 erit,
2028 2091 2108 2143 ita
2160 2090 2279 2158 plu-

649 2178 855 2230 rimum
903 2185 958 2229 et
1006 2177 1109 2228 sibi
1157 2184 1212 2227 et
1259 2177 1382 2227 aliis
1428 2178 1677 2244 proderit
1694 2195 1705 2237 3
1764 2177 1987 2239 deinde,
2035 2184 2097 2228 ut
2142 2176 2281 2227 satis

647 2264 850 2317 litteris
892 2262 1154 2315 instructi
1197 2263 1270 2314 ad
1312 2281 1604 2314 sermones
1647 2261 1958 2325 habendOS,
2004 2263 2076 2315 ad
2119 2261 2275 2315 audi-

651 2351 830 2406 endas
876 2349 1280 2414 confessioneS,
1330 2351 1401 2404 ad
1456 2350 1706 2403 infinitas
1758 2351 2113 2415 bonziorum,
2159 2358 2282 2405 tum

650 2442 958 2511 Japonum,
1001 2445 1124 2491 tum
1175 2437 1439 2490 Sinarum
1483 2436 1827 2506 quaestiones
1873 2437 2275 2507 profligandas.

656 2528 807 2580 Nam
861 2525 1185 2578 sacerdotes
1238 2523 1332 2592 qui
1385 2523 1512 2576 istic
1565 2523 1792 2576 inutiles
1844 2532 1993 2587 sunt,
2042 2523 2134 2577 hic
2182 2523 2281 2576 mi-

656 2615 809 2667 nime
862 2622 992 2664 sunt
1050 2612 1372 2662 necessarii.
1452 2612 1542 2663 Ob
1596 2630 1722 2661 eam
1776 2630 2007 2662 causam
2061 2631 2128 2662 ex
2181 2629 2282 2662 usu

657 2719 781 2755 esse
809 2700 982 2754 statui
1024 2700 1174 2751 hunc
1212 2699 1284 2751 ad
1321 2707 1377 2751 te
1407 2699 1649 2762 mittere,
1690 2699 1785 2766 qui
1822 2698 1977 2751 hisce
2010 2700 2080 2752 de
2118 2700 2284 2751 rebus

656 2795 847 2842 tecum
895 2794 1103 2855 ageret,
1170 2793 1225 2838 et
1269 2787 1338 2838 de
1380 2792 1479 2838 tua
1525 2785 1810 2838 sententia
1856 2785 2091 2839 idoneos
2133 2785 2283 2839 viros

658 2874 946 2944 deligeret,
990 2874 1319 2943 priusquam
1367 2873 1611 2923 Romam
1650 2872 1722 2924 ad
1758 2873 1985 2925 Patrem
2026 2880 2284 2925 nostrum

663 2962 953 3033 Ignatium
996 2969 1272 3031 pergeret.

736 3051 897 3104 Idem
945 3049 1095 3102 enim
1144 3050 1214 3101 ad
1262 3066 1390 3101 eum
1438 3046 1737 3116 allegatur:
1779 3047 2044 3116 primum,
2090 3056 2150 3101 ut
2198 3066 2285 3100 ex-

661 3144 884 3208 pertum
929 3144 983 3189 et
1027 3136 1294 3188 idoneum
1342 3133 1586 3203 aliquem
1633 3151 1699 3187 ac
1742 3141 2061 3206 spectatum
2105 3133 2284 3191 homi-
