2639 3798
632 368 815 407 LIBER
852 367 928 405 VI.
950 382 1021 388 -
1043 363 1333 405 EPISTOLA
1373 362 1434 401 ΙΙ.
1775 362 1839 413 19

224 513 523 576 praetorem
575 506 756 574 gratia
805 506 1006 569 valeat,
1061 505 1300 558 multum
1354 503 1426 555 ad
1479 501 1601 553 illos
1653 506 1837 567 prote-

225 592 439 664 gendos
493 600 548 643 et
602 590 809 661 poterit
861 598 917 642 et
966 590 1134 642 volet.

299 681 567 748 Superest
619 687 679 735 ut
732 680 789 734 in
842 680 950 735 hoc
1002 680 1250 749 periculo
1301 678 1582 747 ancipitiS,
1637 676 1838 745 longae,

226 766 522 821 laboriosae
584 765 960 835 navigationis
1021 774 1227 820 nostrae
1287 763 1601 835 Japonicae,
1656 779 1839 820 corro-

228 855 412 909 borari
477 854 827 909 debilitatem
889 862 1140 908 nostram
1198 852 1400 907 vestris
1452 850 1840 904 universorum

228 943 488 1013 precibus
540 959 860 1011 exposcam.
940 944 1057 997 Oro
1109 942 1277 1011 igitur
1317 958 1419 993 vos
1469 939 1681 1009 pariter
1722 956 1839 990 om-

231 1049 347 1093 neS,
389 1037 668 1099 quotquot
716 1030 982 1084 Goanum
1028 1029 1177 1084 istud
1230 1026 1524 1098 collegium
1579 1024 1840 1089 incolitis,

231 1116 538 1187 dignemini
602 1117 947 1187 quotidianis
1013 1116 1362 1169 orationibus
1429 1123 1485 1166 et
1553 1112 1844 1166 sacrificiis

232 1222 395 1273 opem
454 1204 702 1258 divinam
756 1205 1055 1272 implorare
1122 1204 1273 1258 Patri
1340 1205 1554 1256 Cosmo
1617 1201 1842 1254 Turria-

232 1310 321 1353 no,
384 1290 594 1361 Joanni
664 1290 967 1353 Fernandi,
1039 1290 1212 1341 Paulo
1278 1288 1506 1360 Japoni,
1566 1295 1621 1341 et
1675 1286 1843 1340 sociis

233 1379 350 1445 ejus
403 1377 623 1429 duobus
678 1378 926 1429 Manueli
990 1377 1211 1428 Sinensi
1274 1385 1328 1429 et
1391 1374 1665 1436 Amatori,
1720 1382 1844 1425 tum

233 1471 519 1533 postremo
574 1462 730 1516 mihi.

304 1550 583 1604 Audimus
644 1550 736 1604 hic
797 1551 975 1604 multa
1031 1552 1101 1604 de
1149 1553 1370 1623 Japone
1423 1569 1549 1620 quae
1602 1567 1701 1618 spe
1754 1567 1849 1617 op-

234 1639 371 1694 tima
435 1656 539 1693 nos
591 1639 827 1709 implent
881 1657 1066 1708 operae
1105 1639 1270 1708 pretii
1322 1638 1569 1708 ingentis
1632 1656 1699 1690 ex
1751 1656 1847 1690 no-

237 1733 349 1779 stra
400 1725 528 1779 illuc
578 1725 926 1795 profectione
976 1725 1321 1795 proventuri.
1396 1726 1646 1778 Narrant
1692 1724 1849 1794 quip—

236 1831 303 1881 pe
353 1813 510 1865 albas
561 1814 638 1865 ibi
689 1813 801 1866 late
853 1814 1005 1865 cerni
1057 1815 1128 1865 ad
1182 1832 1425 1865 messem
1479 1811 1681 1881 frugeS,
1751 1820 1848 1864 tae-

238 1899 365 1951 dere
426 1898 634 1951 multos
698 1899 808 1952 11110
870 1898 1337 1968 superstitionum
1395 1898 1693 1962 avitarum,
1758 1916 1849 1952 cu-

238 2003 364 2053 pere
427 2003 541 2037 non
602 2003 813 2054 paucos
865 1985 1058 2038 audire
1111 1986 1180 2037 de
1233 1984 1446 2037 Christi
1498 1984 1637 2053 lege,
1693 1985 1852 2053 cujus

238 2071 306 2123 ad
357 2071 498 2134 illos,
552 2088 681 2124 cum
734 2088 847 2124 non
893 2072 1091 2140 exigua
1137 2072 1652 2134 commendatione,
1700 2071 1849 2123 fama

238 2156 506 2223 pervenit.
787 2168 794 2175 “

311 2243 701 2297 Monstrantur
760 2243 961 2298 litterae
1008 2244 1382 2312 quorumdam
1436 2242 1848 2312 negotiantium
2382 2251 2407 2303 22

240 2326 294 2377 in
377 2329 554 2381 Siami
629 2348 821 2399 regno,
888 2337 1166 2382 testantes
1241 2329 1507 2398 appulsos
1574 2329 1702 2382 illuc
1757 2332 1852 2400 Ja-

239 2432 414 2482 ponas
466 2416 701 2485 aliquos,
755 2417 980 2470 auditos
1031 2416 1201 2469 fuisse
1247 2436 1376 2469 cum
1422 2416 1701 2468 dicerent:
1757 2435 1849 2468 cu-

240 2518 367 2569 pere
429 2502 727 2572 populares
790 2520 922 2557 suos
986 2504 1292 2557 adventum
1357 2503 1413 2556 in
1471 2520 1602 2557 suas
1652 2511 1849 2567 terraS,

244 2587 649 2658 Europaeorum
702 2590 1078 2654 sacerdotum,
1134 2590 1227 2659 qui
1279 2590 1506 2642 tradant
1568 2590 1704 2659 ipsis
1758 2609 1847 2642 ve-

242 2689 356 2727 ram
409 2677 478 2729 de
533 2677 657 2729 Deo
719 2676 1083 2729 doctrinam.-

314 2761 379 2814 In
439 2769 614 2816 tantae
677 2780 972 2816 occursum
1035 2763 1153 2831 spei
1219 2762 1551 2817 advolamus
1616 2763 1848 2827 alacreS,

243 2849 608 2913 gestientibus
669 2849 892 2912 animiS,
951 2858 1006 2903 et
1058 2850 1304 2918 quodam
1358 2850 1591 2918 augurio
1643 2869 1851 2918 praesa-

243 2949 323 3001 gae
398 2936 637 3001 fiduciae,
715 2954 1009 2991 successus
1079 2937 1183 2990 sibi
1255 2938 1635 3008 despondere·
1676 2955 1850 3009 quan-

244 3021 414 3074 tosvis
474 3024 831 3077 audentibus.
912 3023 1147 3078 Utinam
1203 3025 1373 3078 modo
1425 3026 1703 3079 donorum
1757 3044 1851 3087 au,-

245 3104 609 3178 xiliorumque
685 3110 998 3162 coelestium
1028 3151 1041 3172 ‚
1135 3110 1253 3162 sine
1331 3129 1569 3178 quorum
1646 3111 1852 3163 affluxu
