2712 3754
830 340 863 390 4
1251 338 1436 377 LIBER
1472 339 1553 377 VI.
1575 353 1647 361 -
1668 338 1961 378 EPISTOLA
2001 339 2038 376 I.

826 489 947 524 rem
1011 472 1246 540 largitus
1311 474 1477 526 nobis
1541 483 1626 527 est
1684 474 1919 542 triginta
1971 474 2195 527 modios
2246 473 2456 541 piperis

821 557 1043 628 optimi,
1098 559 1262 614 electi
1315 580 1382 614 ex
1434 561 1591 614 omni
1644 561 1810 632 copia
1862 580 1989 632 quae
2045 560 2282 614 Malacae
2329 560 2451 614 fuit.

827 645 1064 699 Addidit
1118 647 1297 700 multa
1343 648 1602 717 speciosa
1647 657 1703 702 et
1750 648 1941 717 magni
1988 648 2155 722 pretii
2201 666 2454 711 munera,

827 732 944 799 regi
994 735 1258 803 Japoniae
1313 735 1625 788 offerenda:
1681 744 1742 789 ut
1795 736 1863 787 iis
1915 735 2005 787 ille
2058 735 2326 788 delinitus
2378 734 2454 786 fa-

823 818 1076 874 ciliorem
1129 841 1189 875 se
1241 823 1613 877 admittendis
1667 823 1848 888 nobiS‚
1904 830 1960 876 et
2015 823 2072 875 in
2125 840 2299 893 regno
2351 841 2454 875 suo

825 905 1139 962 tolerandis
1191 910 1461 979 praebeat.

899 994 1044 1048 Haec
1108 995 1189 1049 ita
1263 996 1481 1050 minute
1555 1015 1723 1051 narro
1791 996 2076 1066 majestati
2139 1005 2273 1061 tuae,
2341 1015 2454 1066 quo

817 1080 1098 1151 intelligas
1154 1082 1358 1152 quibus
1411 1102 1503 1136 me
1554 1083 1845 1136 beneficiis
1897 1091 1953 1135 et
2006 1082 2319 1135 honoribus
2372 1082 2451 1135 af·

818 1169 1012 1222 ficiant
1076 1171 1271 1223 fideles
1334 1172 1417 1223 tui
1482 1171 1693 1224 subditi
1757 1171 1853 1239 qui
1917 1172 1974 1222 in
2046 1170 2242 1223 Indiis‘
2298 1178 2449 1223 sunt.

822 1256 1127 1327 Equidem,
1194 1257 1443 1322 domine,
1508 1276 1638 1311 vere
1704 1256 1842 1310 mihi
1921 1257 2175 1311 dicturus
2239 1256 2452 1320 videor,

819 1345 1110 1398 neminem
1172 1364 1424 1414 unquam
1485 1346 1543 1398 in
1607 1346 1834 1398 Indiam
1885 1345 2128 1408 venisse,
2183 1345 2273 1398 cui
2325 1353 2450 1398 tan-

812 1439 936 1485 tum
987 1431 1076 1488 vel
1127 1431 1361 1485 honoris
1412 1431 1501 1485 vel
1552 1432 1750 1501 gratiae
1802 1432 2116 1485 tribuerent
2175 1432 2449 1501 degentes

812 1517 923 1570 illic
984 1517 1265 1581 Lusitani,
1320 1526 1600 1587 quantum
1649 1518 1787 1570 mihi
1834 1518 2177 1572 detulerunt.
2232 1520 2447 1572 Totum

810 1605 920 1658 hoc
981 1607 1161 1658 debeo
1227 1607 1516 1676 majestati
1580 1615 1712 1671 tuae,
1779 1608 2103 1677 crebrisque
2167 1607 2281 1661 tuis
2340 1608 2448 1660 illis

811 1698 868 1747 et
904 1691 1226 1747 efficacibus
1263 1692 1859 1748 commendationibus
1896 1693 2007 1747 mei
2044 1693 2116 1748 ad
2153 1710 2269 1760 θος,
2304 1711 2447 1763 quos
2529 1721 2531 1723 ·

814 1778 1057 1849 negotiis
1120 1780 1278 1849 regni
1341 1782 1424 1833 tui
1482 1780 1783 1850 praefectos
1834 1781 2012 1834 habes
2062 1800 2163 1851 per
2218 1782 2447 1836 Indicos

816 1873 1054 1920 tractus,
1135 1869 1293 1936 Quos
1350 1867 1499 1922 inter
1559 1868 1829 1937 quoniam
1900 1868 2166 1922 dominus
2253 1870 2453 1924 Petrus

818 1953 888 2007 de
943 1952 1112 2023 Sylva
1164 1953 1467 2023 praefectus
1528 1954 1869 2009 Malacensis
1920 1955 1976 2008 in
2034 1974 2123 2009 me
2170 1954 2447 2024 juvandO,

812 2040 1071 2106 colendo,
1135 2043 1394 2095 ornando
1447 2043 1745 2114 insigniter
1790 2043 2066 2109 excelluit,
2122 2043 2305 2115 iisque
2359 2062 2448 2096 me

813 2129 920 2183 sibi
977 2130 1267 2183 beneficiis
1324 2130 1646 2200 obstrinxit,
1706 2131 1911 2199 quibus
1969 2131 2162 2199 inopia
2219 2138 2275 2185 et
2343 2131 2447 2185 im-

812 2215 1091 2268 becillitas
1143 2236 1270 2269 mea
1321 2236 1518 2287 parem
1564 2237 1597 2269 a
1645 2237 1736 2269 me
1785 2237 2038 2289 unquam
2085 2217 2280 2271 referri
2326 2237 2448 2288 gra—

814 2304 956 2358 tiam
1021 2304 1345 2372 prohibent,
1410 2312 1545 2373 peto
1610 2314 1672 2360 ut
1738 2324 1829 2360 me
1882 2306 2037 2361 sinas
2098 2306 2447 2361 constituere

813 2390 871 2443 in
923 2390 1259 2446 liberalitate
1312 2401 1410 2445 tua
1455 2392 1917 2462 supplementum
1962 2394 2235 2464 egestatis
2281 2415 2442 2448 meae.

818 2480 885 2532 Id
950 2497 1284 2550 consequar,
1352 2481 1399 2533 si
1464 2481 1790 2550 dignabitur
1867 2483 2138 2552 majestas
2193 2490 2311 2547 tua,
2392 2491 2449 2536 et

815 2564 947 2619 huic
1013 2571 1069 2619 et
1138 2565 1263 2619 aliis
1320 2566 1390 2619 de
1444 2584 1534 2620 me
1580 2567 1797 2635 optime
1844 2568 2062 2622 meritis
2107 2568 2338 2637 largiter
2386 2569 2443 2622 in

814 2651 925 2702 mei
976 2651 1220 2719 gratiam
1272 2652 1701 2716 benefaciendo,
1756 2674 1823 2705 ea
1875 2663 2084 2707 cuncta
2134 2674 2443 2724 repraesen-

811 2747 950 2803 tare,
1006 2755 1133 2808 quae
1180 2756 1284 2807 ego
1330 2740 1467 2808 ipsis
1513 2757 1642 2795 cum
1690 2742 1948 2805 debeam,
1997 2742 2284 2796 exsolvere
2328 2758 2444 2796 non

817 2841 1071 2893 possum.

886 2913 1044 2965 Deus
1123 2913 1408 2966 Dominus
1486 2924 1682 2967 noster
1756 2933 1857 2984 per
1929 2933 2090 2967 suam
2164 2914 2447 2968 infinitam

814 2999 1088 3068 pietatem
1157 3007 1212 3054 et
1282 3000 1730 3056 misericordiam
1776 3001 2077 3056 ‘illuminet
2148 3002 2313 3072 plene
2383 3019 2448 3055 ac

814 3085 1043 3155 penitus
1108 3094 1361 3140 mentem
1427 3087 1748 3156 majestatis
1810 3096 1925 3141 tuae
1986 3089 2059 3141 ad
2120 3088 2269 3142 clare
2321 3106 2447 3157 cog·
