2665 3754
713 348 818 398 340
1056 347 1238 384 LIBER
1275 348 1402 385 vm.
1423 363 1495 370 -·
1515 348 1807 386 EPISTOLA
1844 349 1995 388 XXIV.

709 487 986 541 asceticas
1026 488 1458 541 exercitationes
1492 489 1715 557 jubens,
1746 496 1802 542 et
1837 506 1966 540 eum
2010 486 2336 545 ministeriis

712 574 1019 628 humilibus
1063 575 1237 638 dorni,
1282 593 1396 628 non
1443 574 1595 639 foriS,
1640 575 1950 645 applicans.

781 662 1037 733 Japonas
1088 661 1182 731 qui
1236 661 1327 715 hic
1381 670 1530 725 sunt,
1587 661 1842 731 impense
1899 661 2335 718 commendatos

714 748 882 801 velim
929 738 1158 811 habeaS,
1203 756 1257 801 et
1300 757 1426 802 tuto
1487 767 1552 801 ac
1597 749 1896 801 commode
1946 756 2005 801 ut
2058 748 2115 799 in
2181 748 2339 800 Lusi-

716 830 940 885 taniam
985 830 1253 899 navigent
1297 849 1475 886 cures,

788 921 934 971 Puto
976 937 1006 970 e
1048 936 1106 970 re
1152 918 1287 980 fore,
1336 919 1381 969 si
1428 928 1794 971 exerceantur
1836 938 1867 970 a
1910 928 1965 971 te
2015 918 2333 973 meditatio-

712 1004 877 1057 nibus
929 1004 1190 1057 asceticis
1253 1005 1482 1057 Fratres
1534 1005 1629 1073 qui
1681 1006 1753 1057 ad
1808 1005 2155 1058 Societatem
2206 1023 2331 1073 pro-

712 1089 937 1154 bantur,
967 1097 1022 1144 et
1052 1108 1118 1144 ex
1145 1089 1212 1144 iis
1240 1089 1350 1144 isto
1390 1090 1562 1144 modo
1603 1089 1801 1145 intime
1841 1089 2154 1160 perspectis
2193 1107 2334 1160 quos

131 1209 214 1248 -143
713 1178 950 1229 idoneos
1001 1178 1274 1245 repereris
1338 1178 1602 1239 retineaS,
1657 1196 1800 1245 quos
1853 1177 2081 1244 ineptos
2146 1177 2337 1245 depre-

172 1269 218 1337 ξ
712 1263 977 1318 henderis
1004 1264 1278 1317 dimittas.
1347 1265 1499 1317 Cave
1532 1272 1723 1316 autem
1757 1263 2057 1316 adducaris
2086 1282 2334 1334 unquam

342 1357 345 1359 ’
711 1351 1046 1419 cujusquam
1099 1350 1360 1418 precibus
1406 1358 1462 1404 et
1509 1350 1811 1418 quantovis
1865 1350 2174 1404 multorum
2221 1368 2336 1405 am-

118 1432 133 1550 ξΙ
172 1483 219 1515 Ι
710 1438 850 1500 bitu,
903 1439 975 1489 ad
1028 1456 1373 1506 quemquam
1417 1437 1474 1488 in
1519 1436 1865 1489 Societatem
1912 1435 2333 1489 admittendum

115 1514 216 1605 a}
708 1541 821 1576 non
886 1523 1223 1576 instructum
1296 1523 1628 1576 necessariis
1693 1524 1764 1576 ad
1830 1541 1956 1576 eam
2016 1523 2327 1590 juvandam

131 1635 134 1660 l
189 1605 203 1625 '²
713 1611 959 1663 dotibus,

121 1658 124 1716 ι
779 1696 1029 1751 Chorani
1070 1696 1331 1750 insularis
1372 1696 1586 1765 praedii‚
1621 1696 2076 1766 rusticorumque
2109 1714 2176 1750 ac
2204 1713 2332 1766 ope-

708 1801 896 1836 rarum
948 1781 1058 1836 illic
1111 1782 1438 1851 degentium
1491 1800 1685 1836 curam
1737 1801 1837 1851 per
1888 1783 2123 1836 idoneos
2188 1781 2331 1837 habe

705 1879 979 1940 quantam
1032 1889 1121 1923 res
1174 1871 1370 1939 exigit3
1439 1889 1554 1923 non
1612 1871 1764 1922 enim
1816 1889 1916 1939 per
1967 1879 2023 1922 te
2076 1889 2180 1922 nec
2232 1889 2330 1939 per

709 1975 1052 2026 quemquam
1117 1965 1449 2011 nostrorum·
1498 1965 1687 2027 potes;
1755 1958 1866 2011 dixi
1915 1958 2036 2026 jam
2089 1976 2156 2011 eo
2210 1958 2333 2011 mit-

120 2039 218 2127 i}
705 2045 942 2099 tendum
984 2044 1217 2113 singulis
1257 2044 1558 2099 dominicis
1597 2044 1892 2099 dominum
1931 2044 2330 2114 Augustinum.

704 2131 928 2183 Caetera
992 2130 1129 2183 item
1195 2150 1321 2200 quae
1379 2149 1521 2199 opus
1574 2131 1645 2183 ad
1698 2130 1806 2183 hoc
1858 2138 2041 2193 erunt,
2096 2130 2328 2184 delectis

708 2217 911 2286 quibus
954 2225 1106 2270 recte
1149 2218 1292 2271 fidas
1339 2217 1692 2271 administra.

779 2304 1147 2357 Franciscum
1185 2305 1496 2373 Lopezium
1541 2305 1707 2357 simul
1750 2305 1861 2357 huc
1903 2305 2195 2358 advenerit
2237 2323 2327 2357 va-

704 2407 833 2444 care
873 2390 1099 2459 jubebis
1145 2390 1726 2466 commentationibus
1771 2390 2049 2453 asceticis,
2100 2408 2325 2461 genera-

700 2475 810 2530 lem
856 2477 978 2544 ejus
1023 2476 1439 2532 confessionem
1492 2465 1705 2541 audies,
1754 2477 2069 2530 ministerio
2121 2476 2322 2531 culinae

701 2572 799 2617 aut
842 2563 899 2617 id
940 2582 1119 2633 genus
1161 2563 1467 2618 humilibus
1510 2563 1797 2633 obsequiis
1839 2563 2088 2618 addices,

781 2651 1059 2706 Matthaeo
1112 2669 1208 2704 sex
1270 2660 1325 2705 et
1374 2652 1606 2722 triginta
1631 2652 1876 2723 pardaos
1928 2670 2070 2722 quos
2138 2658 2332 2704 mutuo

705 2740 861 2793 dedit
904 2740 962 2792 in
1006 2739 1270 2809 Japonia,
1320 2739 1515 2792 statim
1564 2756 1629 2792 ac
1676 2747 1910 2807 repetet,
1958 2739 2261 2808 persolves,

777 2826 982 2880 Alvaro
1023 2824 1258 2879 Alfonso
1309 2826 1567 2896 praefiges
1619 2825 1917 2879 solutionis
1969 2844 2080 2878 non
2129 2824 2325 2878 diffun-

704 2914 952 2970 dendam
999 2913 1243 2982 amplius
1289 2913 1439 2967 diem
1486 2920 1615 2982 post
1666 2912 1903 2967 Pascha.

1860 3085 1907 3137 F
1913 3100 2259 3141 RANcichS.
