<?xml version="1.0" encoding="UTF-8"?>
<!DOCTYPE html PUBLIC "-//W3C//DTD XHTML 1.0 Transitional//EN"
    "http://www.w3.org/TR/xhtml1/DTD/xhtml1-transitional.dtd">
<html xmlns="http://www.w3.org/1999/xhtml" xml:lang="en" lang="en">
 <head>
  <title>
</title>
<meta http-equiv="Content-Type" content="text/html;charset=utf-8" />
  <meta name='ocr-system' content='tesseract 3.04.00' />
  <meta name='ocr-capabilities' content='ocr_page ocr_carea ocr_par ocr_line ocrx_word'/>
</head>
<body>
  <div class='ocr_page' id='page_1' title='image "./pts_epistolae_3720-0638_v2/pts_epistolae_3720-0638_v2_0195.png"; bbox 0 0 2649 3754; ppageno 0'>
   <div class='ocr_carea' id='block_1_1' title="bbox 626 319 1867 375">
    <p class='ocr_par' dir='ltr' id='par_1_1' title="bbox 626 319 1867 375">
     <span class='ocr_line' id='line_1_1' title="bbox 626 319 1867 375; baseline -0.004 -1"><span class='ocrx_word' id='word_1_1' title='bbox 626 319 730 375; x_wconf 83' lang='lat'><strong>186</strong></span> <span class='ocrx_word' id='word_1_2' title='bbox 1004 320 1189 372; x_wconf 80' lang='lat' dir='ltr'>LIBER</span> <span class='ocrx_word' id='word_1_3' title='bbox 1226 331 1354 373; x_wconf 84' lang='lat' dir='ltr'><strong>vm.</strong></span> <span class='ocrx_word' id='word_1_4' title='bbox 1379 347 1453 357; x_wconf 93' lang='lat'>—</span> <span class='ocrx_word' id='word_1_5' title='bbox 1472 329 1766 371; x_wconf 80' lang='lat' dir='ltr'><strong>EPISToLA</strong></span> <span class='ocrx_word' id='word_1_6' title='bbox 1805 330 1867 370; x_wconf 93' lang='lat'><strong>11.</strong></span> 
     </span>
    </p>
   </div>
   <div class='ocr_carea' id='block_1_2' title="bbox 620 470 2264 3148">
    <p class='ocr_par' dir='ltr' id='par_1_2' title="bbox 620 470 2264 3148">
     <span class='ocr_line' id='line_1_2' title="bbox 623 470 2257 541; baseline 0.002 -15"><span class='ocrx_word' id='word_1_7' title='bbox 623 479 900 527; x_wconf 82' lang='lat' dir='ltr'><strong>mentem.</strong></span> <span class='ocrx_word' id='word_1_8' title='bbox 981 470 1224 536; x_wconf 85' lang='lat' dir='ltr'><strong>Deinde,</strong></span> <span class='ocrx_word' id='word_1_9' title='bbox 1266 471 1312 526; x_wconf 92' lang='lat' dir='ltr'><strong>si</strong></span> <span class='ocrx_word' id='word_1_10' title='bbox 1355 473 1512 526; x_wconf 92' lang='lat' dir='ltr'><strong>Deus</strong></span> <span class='ocrx_word' id='word_1_11' title='bbox 1555 471 1868 525; x_wconf 89' lang='lat' dir='ltr'><strong>hominum·</strong></span> <span class='ocrx_word' id='word_1_12' title='bbox 1903 490 2083 541; x_wconf 85' lang='lat' dir='ltr'><strong>genus</strong></span> <span class='ocrx_word' id='word_1_13' title='bbox 2125 491 2257 528; x_wconf 90' lang='lat' dir='ltr'><strong>con-</strong></span> 
     </span>
     <span class='ocr_line' id='line_1_3' title="bbox 622 559 2252 624; baseline 0.001 -11"><span class='ocrx_word' id='word_1_14' title='bbox 622 560 846 624; x_wconf 88' lang='lat' dir='ltr'><strong>diderit,</strong></span> <span class='ocrx_word' id='word_1_15' title='bbox 915 559 996 612; x_wconf 91' lang='lat' dir='ltr'><strong>uti</strong></span> <span class='ocrx_word' id='word_1_16' title='bbox 1068 578 1172 612; x_wconf 93' lang='lat' dir='ltr'><strong>nos</strong></span> <span class='ocrx_word' id='word_1_17' title='bbox 1246 561 1598 623; x_wconf 81' lang='lat' dir='ltr'><strong>doceremuS,</strong></span> <span class='ocrx_word' id='word_1_18' title='bbox 1679 578 1778 612; x_wconf 89' lang='lat' dir='ltr'><strong>cur</strong></span> <span class='ocrx_word' id='word_1_19' title='bbox 1846 559 2110 614; x_wconf 91' lang='lat' dir='ltr'><strong>homines</strong></span> <span class='ocrx_word' id='word_1_20' title='bbox 2179 563 2252 615; x_wconf 90' lang='lat' dir='ltr'><strong>ad</strong></span> 
     </span>
     <span class='ocr_line' id='line_1_4' title="bbox 624 646 2250 717; baseline 0.001 -16"><span class='ocrx_word' id='word_1_21' title='bbox 624 650 812 702; x_wconf 90' lang='lat' dir='ltr'><strong>Deum</strong></span> <span class='ocrx_word' id='word_1_22' title='bbox 866 647 1167 701; x_wconf 91' lang='lat' dir='ltr'><strong>colendum</strong></span> <span class='ocrx_word' id='word_1_23' title='bbox 1218 656 1386 701; x_wconf 90' lang='lat' dir='ltr'><strong>natos</strong></span> <span class='ocrx_word' id='word_1_24' title='bbox 1432 666 1465 700; x_wconf 94' lang='lat' dir='ltr'><strong>a</strong></span> <span class='ocrx_word' id='word_1_25' title='bbox 1511 646 1752 700; x_wconf 83' lang='lat' dir='ltr'><strong>diabolis</strong></span> <span class='ocrx_word' id='word_1_26' title='bbox 1804 647 2076 717; x_wconf 85' lang='lat' dir='ltr'><strong>exagitari</strong></span> <span class='ocrx_word' id='word_1_27' title='bbox 2128 656 2250 702; x_wconf 90' lang='lat' dir='ltr'><strong>ten-</strong></span> 
     </span>
     <span class='ocr_line' id='line_1_5' title="bbox 620 733 2246 806; baseline 0 -16"><span class='ocrx_word' id='word_1_28' title='bbox 620 735 842 805; x_wconf 89' lang='lat' dir='ltr'><strong>tarique</strong></span> <span class='ocrx_word' id='word_1_29' title='bbox 895 734 1140 788; x_wconf 89' lang='lat' dir='ltr'><strong>sineret?</strong></span> <span class='ocrx_word' id='word_1_30' title='bbox 1204 736 1335 806; x_wconf 91' lang='lat' dir='ltr'><strong>Jam</strong></span> <span class='ocrx_word' id='word_1_31' title='bbox 1383 735 1427 788; x_wconf 92' lang='lat' dir='ltr'><strong>si</strong></span> <span class='ocrx_word' id='word_1_32' title='bbox 1478 735 1635 788; x_wconf 92' lang='lat' dir='ltr'><strong>Deus</strong></span> <span class='ocrx_word' id='word_1_33' title='bbox 1687 734 1870 788; x_wconf 92' lang='lat' dir='ltr'><strong>bonus</strong></span> <span class='ocrx_word' id='word_1_34' title='bbox 1924 734 2015 799; x_wconf 93' lang='lat' dir='ltr'><strong>sit,</strong></span> <span class='ocrx_word' id='word_1_35' title='bbox 2069 733 2246 790; x_wconf 90' lang='lat' dir='ltr'><strong>haud-</strong></span> 
     </span>
     <span class='ocr_line' id='line_1_6' title="bbox 623 819 2258 891; baseline 0.001 -15"><span class='ocrx_word' id='word_1_36' title='bbox 623 839 909 891; x_wconf 84' lang='lat' dir='ltr'>quaquam</span> <span class='ocrx_word' id='word_1_37' title='bbox 957 819 1219 876; x_wconf 90' lang='lat' dir='ltr'><strong>homines</strong></span> <span class='ocrx_word' id='word_1_38' title='bbox 1266 828 1386 876; x_wconf 91' lang='lat' dir='ltr'><strong>tam</strong></span> <span class='ocrx_word' id='word_1_39' title='bbox 1434 820 1748 875; x_wconf 91' lang='lat' dir='ltr'><strong>imbecillos</strong></span> <span class='ocrx_word' id='word_1_40' title='bbox 1794 829 1848 876; x_wconf 92' lang='lat' dir='ltr'><strong>et</strong></span> <span class='ocrx_word' id='word_1_41' title='bbox 1893 822 1965 876; x_wconf 94' lang='lat' dir='ltr'><strong>ad</strong></span> <span class='ocrx_word' id='word_1_42' title='bbox 2016 841 2258 891; x_wconf 92' lang='lat' dir='ltr'><strong>peccan-</strong></span> 
     </span>
     <span class='ocr_line' id='line_1_7' title="bbox 624 908 2259 977; baseline 0.001 -15"><span class='ocrx_word' id='word_1_43' title='bbox 624 910 759 962; x_wconf 89' lang='lat' dir='ltr'><strong>dum</strong></span> <span class='ocrx_word' id='word_1_44' title='bbox 808 908 1084 977; x_wconf 85' lang='lat' dir='ltr'><strong>proclives</strong></span> <span class='ocrx_word' id='word_1_45' title='bbox 1129 909 1200 961; x_wconf 92' lang='lat' dir='ltr'><strong>ab</strong></span> <span class='ocrx_word' id='word_1_46' title='bbox 1247 929 1314 962; x_wconf 93' lang='lat' dir='ltr'><strong>eo</strong></span> <span class='ocrx_word' id='word_1_47' title='bbox 1361 909 1529 962; x_wconf 90' lang='lat' dir='ltr'><strong>condi</strong></span> <span class='ocrx_word' id='word_1_48' title='bbox 1583 909 1921 977; x_wconf 83' lang='lat' dir='ltr'><strong>oportuisse,</strong></span> <span class='ocrx_word' id='word_1_49' title='bbox 1971 911 2071 963; x_wconf 89' lang='lat' dir='ltr'><strong>sed</strong></span> <span class='ocrx_word' id='word_1_50' title='bbox 2126 911 2259 964; x_wconf 88' lang='lat' dir='ltr'><strong>mali</strong></span> 
     </span>
     <span class='ocr_line' id='line_1_8' title="bbox 624 996 2260 1065; baseline 0.001 -17"><span class='ocrx_word' id='word_1_51' title='bbox 624 996 811 1049; x_wconf 90' lang='lat' dir='ltr'><strong>omnis</strong></span> <span class='ocrx_word' id='word_1_52' title='bbox 886 1003 1162 1064; x_wconf 80' lang='lat' dir='ltr'><strong>expertes,</strong></span> <span class='ocrx_word' id='word_1_53' title='bbox 1269 996 1530 1065; x_wconf 91' lang='lat' dir='ltr'><strong>Denique</strong></span> <span class='ocrx_word' id='word_1_54' title='bbox 1598 997 1783 1048; x_wconf 90' lang='lat' dir='ltr'><strong>Deum</strong></span> <span class='ocrx_word' id='word_1_55' title='bbox 1848 997 2069 1049; x_wconf 90' lang='lat' dir='ltr'><strong>bonum</strong></span> <span class='ocrx_word' id='word_1_56' title='bbox 2136 1015 2260 1050; x_wconf 91' lang='lat' dir='ltr'><strong>esse</strong></span> 
     </span>
     <span class='ocr_line' id='line_1_9' title="bbox 625 1081 2259 1151; baseline 0.001 -15"><span class='ocrx_word' id='word_1_57' title='bbox 625 1100 740 1136; x_wconf 91' lang='lat' dir='ltr'><strong>non</strong></span> <span class='ocrx_word' id='word_1_58' title='bbox 792 1099 978 1151; x_wconf 91' lang='lat' dir='ltr'><strong>posse,</strong></span> <span class='ocrx_word' id='word_1_59' title='bbox 1027 1082 1121 1150; x_wconf 91' lang='lat' dir='ltr'><strong>qui</strong></span> <span class='ocrx_word' id='word_1_60' title='bbox 1166 1082 1524 1136; x_wconf 88' lang='lat' dir='ltr'><strong>teterrimum</strong></span> <span class='ocrx_word' id='word_1_61' title='bbox 1571 1081 1728 1135; x_wconf 90' lang='lat' dir='ltr'><strong>illum</strong></span> <span class='ocrx_word' id='word_1_62' title='bbox 1781 1082 2092 1136; x_wconf 89' lang='lat' dir='ltr'><strong>inferorum</strong></span> <span class='ocrx_word' id='word_1_63' title='bbox 2141 1101 2259 1137; x_wconf 90' lang='lat' dir='ltr'><strong>car-</strong></span> 
     </span>
     <span class='ocr_line' id='line_1_10' title="bbox 625 1166 2258 1236; baseline 0.001 -15"><span class='ocrx_word' id='word_1_64' title='bbox 625 1185 812 1221; x_wconf 88' lang='lat' dir='ltr'><strong>cerem</strong></span> <span class='ocrx_word' id='word_1_65' title='bbox 866 1166 1178 1231; x_wconf 87' lang='lat' dir='ltr'><strong>aedificarit,</strong></span> <span class='ocrx_word' id='word_1_66' title='bbox 1233 1166 1498 1236; x_wconf 92' lang='lat' dir='ltr'><strong>nullaque</strong></span> <span class='ocrx_word' id='word_1_67' title='bbox 1552 1185 1803 1236; x_wconf 90' lang='lat' dir='ltr'><strong>unquam</strong></span> <span class='ocrx_word' id='word_1_68' title='bbox 1870 1167 2258 1223; x_wconf 85' lang='lat' dir='ltr'><strong>misericordia</strong></span> 
     </span>
     <span class='ocr_line' id='line_1_11' title="bbox 624 1253 2259 1323; baseline 0.001 -16"><span class='ocrx_word' id='word_1_69' title='bbox 624 1253 882 1322; x_wconf 85' lang='lat' dir='ltr'><strong>capiatur</strong></span> <span class='ocrx_word' id='word_1_70' title='bbox 920 1271 1116 1307; x_wconf 90' lang='lat' dir='ltr'><strong>eorum</strong></span> <span class='ocrx_word' id='word_1_71' title='bbox 1145 1253 1241 1322; x_wconf 93' lang='lat' dir='ltr'><strong>qui</strong></span> <span class='ocrx_word' id='word_1_72' title='bbox 1269 1254 1419 1322; x_wconf 91' lang='lat' dir='ltr'><strong>apud</strong></span> <span class='ocrx_word' id='word_1_73' title='bbox 1461 1253 1670 1307; x_wconf 89' lang='lat' dir='ltr'><strong>inferos</strong></span> <span class='ocrx_word' id='word_1_74' title='bbox 1710 1253 2092 1313; x_wconf 85' lang='lat' dir='ltr'><strong>atrocissimis</strong></span> <span class='ocrx_word' id='word_1_75' title='bbox 2132 1273 2259 1323; x_wconf 90' lang='lat' dir='ltr'><strong>sup-</strong></span> 
     </span>
     <span class='ocr_line' id='line_1_12' title="bbox 624 1340 2255 1411; baseline 0.002 -20"><span class='ocrx_word' id='word_1_76' title='bbox 624 1340 807 1411; x_wconf 88' lang='lat' dir='ltr'><strong>pliciis</strong></span> <span class='ocrx_word' id='word_1_77' title='bbox 868 1340 925 1391; x_wconf 94' lang='lat' dir='ltr'><strong>in</strong></span> <span class='ocrx_word' id='word_1_78' title='bbox 977 1359 1209 1391; x_wconf 89' lang='lat' dir='ltr'><strong>ornnem</strong></span> <span class='ocrx_word' id='word_1_79' title='bbox 1278 1340 1657 1392; x_wconf 82' lang='lat' dir='ltr'><strong>aeternitatem</strong></span> <span class='ocrx_word' id='word_1_80' title='bbox 1726 1340 2067 1393; x_wconf 88' lang='lat' dir='ltr'><strong>crucientur.</strong></span> <span class='ocrx_word' id='word_1_81' title='bbox 2151 1343 2255 1394; x_wconf 93' lang='lat' dir='ltr'><strong>Po-</strong></span> 
     </span>
     <span class='ocr_line' id='line_1_13' title="bbox 626 1427 2259 1496; baseline 0.001 -17"><span class='ocrx_word' id='word_1_82' title='bbox 626 1434 857 1490; x_wconf 85' lang='lat' dir='ltr'><strong>stremO,</strong></span> <span class='ocrx_word' id='word_1_83' title='bbox 902 1427 948 1479; x_wconf 90' lang='lat' dir='ltr'><strong>si</strong></span> <span class='ocrx_word' id='word_1_84' title='bbox 990 1428 1174 1479; x_wconf 91' lang='lat' dir='ltr'><strong>bonus</strong></span> <span class='ocrx_word' id='word_1_85' title='bbox 1217 1435 1384 1490; x_wconf 88' lang='lat' dir='ltr'><strong>esset,</strong></span> <span class='ocrx_word' id='word_1_86' title='bbox 1432 1427 1584 1496; x_wconf 85' lang='lat' dir='ltr'><strong>leges</strong></span> <span class='ocrx_word' id='word_1_87' title='bbox 1630 1435 1750 1480; x_wconf 89' lang='lat' dir='ltr'><strong>tam</strong></span> <span class='ocrx_word' id='word_1_88' title='bbox 1797 1428 2051 1481; x_wconf 89' lang='lat' dir='ltr'><strong>difficiles</strong></span> <span class='ocrx_word' id='word_1_89' title='bbox 2101 1445 2259 1482; x_wconf 90' lang='lat' dir='ltr'><strong>man-</strong></span> 
     </span>
     <span class='ocr_line' id='line_1_14' title="bbox 626 1513 2259 1582; baseline 0.002 -16"><span class='ocrx_word' id='word_1_90' title='bbox 626 1513 892 1567; x_wconf 91' lang='lat' dir='ltr'><strong>datorum</strong></span> <span class='ocrx_word' id='word_1_91' title='bbox 958 1513 1156 1567; x_wconf 89' lang='lat' dir='ltr'><strong>decem</strong></span> <span class='ocrx_word' id='word_1_92' title='bbox 1236 1530 1598 1582; x_wconf 89' lang='lat' dir='ltr'><strong>nequaquam</strong></span> <span class='ocrx_word' id='word_1_93' title='bbox 1678 1513 1850 1568; x_wconf 86' lang='lat' dir='ltr'><strong>fuisse</strong></span> <span class='ocrx_word' id='word_1_94' title='bbox 1929 1513 2259 1570; x_wconf 90' lang='lat' dir='ltr'><strong>hominibus</strong></span> 
     </span>
     <span class='ocr_line' id='line_1_15' title="bbox 628 1598 2259 1670; baseline 0 -16"><span class='ocrx_word' id='word_1_95' title='bbox 628 1599 915 1654; x_wconf 91' lang='lat' dir='ltr'><strong>daturum.</strong></span> <span class='ocrx_word' id='word_1_96' title='bbox 993 1599 1067 1653; x_wconf 92' lang='lat' dir='ltr'><strong>At</strong></span> <span class='ocrx_word' id='word_1_97' title='bbox 1111 1598 1227 1653; x_wconf 92' lang='lat' dir='ltr'><strong>suis</strong></span> <span class='ocrx_word' id='word_1_98' title='bbox 1270 1598 1583 1667; x_wconf 89' lang='lat' dir='ltr'><strong>disciplinis</strong></span> <span class='ocrx_word' id='word_1_99' title='bbox 1625 1599 1772 1655; x_wconf 89' lang='lat' dir='ltr'><strong>tradi</strong></span> <span class='ocrx_word' id='word_1_100' title='bbox 1818 1618 1914 1655; x_wconf 92' lang='lat' dir='ltr'><strong>eos</strong></span> <span class='ocrx_word' id='word_1_101' title='bbox 1958 1599 2054 1670; x_wconf 93' lang='lat' dir='ltr'><strong>qui</strong></span> <span class='ocrx_word' id='word_1_102' title='bbox 2097 1600 2259 1655; x_wconf 92' lang='lat' dir='ltr'><strong>disci-</strong></span> 
     </span>
     <span class='ocr_line' id='line_1_16' title="bbox 626 1685 2260 1755; baseline 0.001 -17"><span class='ocrx_word' id='word_1_103' title='bbox 626 1686 910 1755; x_wconf 91' lang='lat' dir='ltr'><strong>plinarum</strong></span> <span class='ocrx_word' id='word_1_104' title='bbox 976 1693 1237 1739; x_wconf 86' lang='lat' dir='ltr'><strong>auctores</strong></span> <span class='ocrx_word' id='word_1_105' title='bbox 1302 1685 1678 1754; x_wconf 90' lang='lat' dir='ltr'><strong>implorarint,</strong></span> <span class='ocrx_word' id='word_1_106' title='bbox 1759 1686 1847 1739; x_wconf 92' lang='lat' dir='ltr'><strong>vel</strong></span> <span class='ocrx_word' id='word_1_107' title='bbox 1912 1707 1979 1740; x_wconf 86' lang='lat' dir='ltr'><strong>ex</strong></span> <span class='ocrx_word' id='word_1_108' title='bbox 2057 1687 2260 1740; x_wconf 90' lang='lat' dir='ltr'><strong>mediis</strong></span> 
     </span>
     <span class='ocr_line' id='line_1_17' title="bbox 628 1774 2263 1843; baseline 0.001 -18"><span class='ocrx_word' id='word_1_109' title='bbox 628 1775 935 1825; x_wconf 85' lang='lat' dir='ltr'><strong>inferorum</strong></span> <span class='ocrx_word' id='word_1_110' title='bbox 988 1774 1391 1825; x_wconf 90' lang='lat' dir='ltr'><strong>cruciamentis</strong></span> <span class='ocrx_word' id='word_1_111' title='bbox 1438 1782 1695 1843; x_wconf 90' lang='lat' dir='ltr'><strong>ereptum</strong></span> <span class='ocrx_word' id='word_1_112' title='bbox 1744 1774 1829 1825; x_wconf 91' lang='lat' dir='ltr'><strong>iri.</strong></span> <span class='ocrx_word' id='word_1_113' title='bbox 1911 1775 2057 1826; x_wconf 93' lang='lat' dir='ltr'><strong>Illud</strong></span> <span class='ocrx_word' id='word_1_114' title='bbox 2110 1775 2263 1826; x_wconf 89' lang='lat' dir='ltr'><strong>nullo</strong></span> 
     </span>
     <span class='ocr_line' id='line_1_18' title="bbox 631 1862 2263 1931; baseline 0.001 -16"><span class='ocrx_word' id='word_1_115' title='bbox 631 1863 803 1915; x_wconf 91' lang='lat' dir='ltr'><strong>modo</strong></span> <span class='ocrx_word' id='word_1_116' title='bbox 871 1878 1227 1931; x_wconf 89' lang='lat' dir='ltr'><strong>concoquere</strong></span> <span class='ocrx_word' id='word_1_117' title='bbox 1291 1869 1556 1931; x_wconf 87' lang='lat' dir='ltr'><strong>poterant</strong></span> <span class='ocrx_word' id='word_1_118' title='bbox 1612 1862 1876 1915; x_wconf 89' lang='lat' dir='ltr'><strong>homines</strong></span> <span class='ocrx_word' id='word_1_119' title='bbox 1928 1863 2000 1916; x_wconf 91' lang='lat' dir='ltr'><strong>ad</strong></span> <span class='ocrx_word' id='word_1_120' title='bbox 2033 1863 2263 1917; x_wconf 34' lang='lat' dir='ltr'><strong>*inferos</strong></span> 
     </span>
     <span class='ocr_line' id='line_1_19' title="bbox 627 1947 2255 2016; baseline 0 -16"><span class='ocrx_word' id='word_1_121' title='bbox 627 1947 852 2000; x_wconf 88' lang='lat' dir='ltr'><strong>detrudi</strong></span> <span class='ocrx_word' id='word_1_122' title='bbox 895 1947 1016 1999; x_wconf 90' lang='lat' dir='ltr'><strong>sine</strong></span> <span class='ocrx_word' id='word_1_123' title='bbox 1062 1947 1173 2000; x_wconf 92' lang='lat' dir='ltr'><strong>ulla</strong></span> <span class='ocrx_word' id='word_1_124' title='bbox 1214 1947 1448 1999; x_wconf 90' lang='lat' dir='ltr'><strong>omnino</strong></span> <span class='ocrx_word' id='word_1_125' title='bbox 1495 1964 1593 2015; x_wconf 92' lang='lat' dir='ltr'><strong>spe</strong></span> <span class='ocrx_word' id='word_1_126' title='bbox 1637 1947 1944 2016; x_wconf 92' lang='lat' dir='ltr'><strong>aliquando</strong></span> <span class='ocrx_word' id='word_1_127' title='bbox 1994 1948 2255 2001; x_wconf 85' lang='lat' dir='ltr'><strong>exeundi.</strong></span> 
     </span>
     <span class='ocr_line' id='line_1_20' title="bbox 630 2033 2262 2106; baseline 0.001 -20"><span class='ocrx_word' id='word_1_128' title='bbox 630 2036 832 2105; x_wconf 89' lang='lat' dir='ltr'><strong>Itaque</strong></span> <span class='ocrx_word' id='word_1_129' title='bbox 906 2052 1036 2086; x_wconf 87' lang='lat' dir='ltr'><strong>suas</strong></span> <span class='ocrx_word' id='word_1_130' title='bbox 1109 2033 1437 2104; x_wconf 91' lang='lat' dir='ltr'><strong>disciplinas</strong></span> <span class='ocrx_word' id='word_1_131' title='bbox 1508 2033 1736 2087; x_wconf 90' lang='lat' dir='ltr'><strong>aiebant</strong></span> <span class='ocrx_word' id='word_1_132' title='bbox 1814 2034 2029 2104; x_wconf 91' lang='lat' dir='ltr'><strong>pietate</strong></span> <span class='ocrx_word' id='word_1_133' title='bbox 2092 2043 2262 2106; x_wconf 91' lang='lat' dir='ltr'><strong>atque</strong></span> 
     </span>
     <span class='ocr_line' id='line_1_21' title="bbox 628 2121 2087 2191; baseline -0.001 -15"><span class='ocrx_word' id='word_1_134' title='bbox 628 2121 933 2176; x_wconf 90' lang='lat' dir='ltr'><strong>clementia</strong></span> <span class='ocrx_word' id='word_1_135' title='bbox 980 2121 1162 2191; x_wconf 85' lang='lat' dir='ltr'><strong>magis</strong></span> <span class='ocrx_word' id='word_1_136' title='bbox 1209 2122 1370 2174; x_wconf 83' lang='lat' dir='ltr'><strong>nixas</strong></span> <span class='ocrx_word' id='word_1_137' title='bbox 1417 2138 1541 2174; x_wconf 89' lang='lat' dir='ltr'><strong>esse</strong></span> <span class='ocrx_word' id='word_1_138' title='bbox 1588 2139 1759 2190; x_wconf 91' lang='lat' dir='ltr'><strong>quam</strong></span> <span class='ocrx_word' id='word_1_139' title='bbox 1811 2129 2087 2175; x_wconf 88' lang='lat' dir='ltr'><strong>nostram.</strong></span> 
     </span>
     <span class='ocr_line' id='line_1_22' title="bbox 706 2207 2264 2276; baseline 0.002 -16"><span class='ocrx_word' id='word_1_140' title='bbox 706 2209 900 2261; x_wconf 93' lang='lat' dir='ltr'><strong>Hasce</strong></span> <span class='ocrx_word' id='word_1_141' title='bbox 943 2225 1046 2260; x_wconf 92' lang='lat' dir='ltr'><strong>nos</strong></span> <span class='ocrx_word' id='word_1_142' title='bbox 1086 2207 1433 2276; x_wconf 83' lang='lat' dir='ltr'><strong>quaestiones</strong></span> <span class='ocrx_word' id='word_1_143' title='bbox 1474 2208 1707 2260; x_wconf 90' lang='lat' dir='ltr'><strong>demum</strong></span> <span class='ocrx_word' id='word_1_144' title='bbox 1749 2208 1828 2260; x_wconf 90' lang='lat' dir='ltr'><strong>ita</strong></span> <span class='ocrx_word' id='word_1_145' title='bbox 1876 2209 1999 2261; x_wconf 92' lang='lat' dir='ltr'><strong>Deo</strong></span> <span class='ocrx_word' id='word_1_146' title='bbox 2039 2208 2264 2263; x_wconf 87' lang='lat' dir='ltr'><strong>favente</strong></span> 
     </span>
     <span class='ocr_line' id='line_1_23' title="bbox 626 2293 2260 2363; baseline 0.001 -15"><span class='ocrx_word' id='word_1_147' title='bbox 626 2294 1018 2363; x_wconf 82' lang='lat' dir='ltr'><strong>persolvimuS,</strong></span> <span class='ocrx_word' id='word_1_148' title='bbox 1072 2293 1257 2348; x_wconf 91' lang='lat' dir='ltr'><strong>nullus</strong></span> <span class='ocrx_word' id='word_1_149' title='bbox 1303 2301 1364 2348; x_wconf 85' lang='lat' dir='ltr'><strong>ut</strong></span> <span class='ocrx_word' id='word_1_150' title='bbox 1412 2293 1468 2347; x_wconf 91' lang='lat' dir='ltr'><strong>in</strong></span> <span class='ocrx_word' id='word_1_151' title='bbox 1516 2312 1711 2348; x_wconf 91' lang='lat' dir='ltr'><strong>eorum</strong></span> <span class='ocrx_word' id='word_1_152' title='bbox 1766 2294 2056 2349; x_wconf 89' lang='lat' dir='ltr'><strong>mentibus</strong></span> <span class='ocrx_word' id='word_1_153' title='bbox 2109 2314 2260 2350; x_wconf 90' lang='lat' dir='ltr'><strong>scru-</strong></span> 
     </span>
     <span class='ocr_line' id='line_1_24' title="bbox 628 2381 2260 2453; baseline 0 -17"><span class='ocrx_word' id='word_1_154' title='bbox 628 2384 793 2453; x_wconf 91' lang='lat' dir='ltr'><strong>pulus</strong></span> <span class='ocrx_word' id='word_1_155' title='bbox 858 2382 1149 2434; x_wconf 90' lang='lat' dir='ltr'><strong>resideret.</strong></span> <span class='ocrx_word' id='word_1_156' title='bbox 1249 2381 1505 2435; x_wconf 90' lang='lat' dir='ltr'><strong>Omnino</strong></span> <span class='ocrx_word' id='word_1_157' title='bbox 1582 2384 1834 2452; x_wconf 88' lang='lat' dir='ltr'><strong>Japones</strong></span> <span class='ocrx_word' id='word_1_158' title='bbox 1910 2383 2113 2436; x_wconf 88' lang='lat' dir='ltr'><strong>ducem</strong></span> <span class='ocrx_word' id='word_1_159' title='bbox 2179 2403 2260 2436; x_wconf 92' lang='lat' dir='ltr'><strong>se-</strong></span> 
     </span>
     <span class='ocr_line' id='line_1_25' title="bbox 628 2470 2261 2542; baseline -0.001 -17"><span class='ocrx_word' id='word_1_160' title='bbox 628 2478 879 2542; x_wconf 91' lang='lat' dir='ltr'><strong>quuntur</strong></span> <span class='ocrx_word' id='word_1_161' title='bbox 924 2470 1204 2523; x_wconf 90' lang='lat' dir='ltr'><strong>rationem</strong></span> <span class='ocrx_word' id='word_1_162' title='bbox 1249 2478 1310 2523; x_wconf 91' lang='lat' dir='ltr'><strong>ut</strong></span> <span class='ocrx_word' id='word_1_163' title='bbox 1353 2470 1448 2539; x_wconf 93' lang='lat' dir='ltr'><strong>qui</strong></span> <span class='ocrx_word' id='word_1_164' title='bbox 1496 2470 1706 2523; x_wconf 86' lang='lat' dir='ltr'><strong>maxim</strong></span> <span class='ocrx_word' id='word_1_165' title='bbox 1722 2488 1770 2535; x_wconf 91' lang='lat' dir='ltr'><strong>e,</strong></span> <span class='ocrx_word' id='word_1_166' title='bbox 1817 2470 2098 2541; x_wconf 86' lang='lat' dir='ltr'><strong>vulgoque</strong></span> <span class='ocrx_word' id='word_1_167' title='bbox 2144 2489 2261 2525; x_wconf 91' lang='lat' dir='ltr'><strong>om-</strong></span> 
     </span>
     <span class='ocr_line' id='line_1_26' title="bbox 628 2557 2261 2628; baseline -0.001 -16"><span class='ocrx_word' id='word_1_168' title='bbox 628 2576 729 2615; x_wconf 87' lang='lat' dir='ltr'><strong>nes</strong></span> <span class='ocrx_word' id='word_1_169' title='bbox 774 2575 952 2627; x_wconf 91' lang='lat' dir='ltr'><strong>usque</strong></span> <span class='ocrx_word' id='word_1_170' title='bbox 994 2575 1061 2610; x_wconf 96' lang='lat' dir='ltr'><strong>eo</strong></span> <span class='ocrx_word' id='word_1_171' title='bbox 1103 2557 1309 2611; x_wconf 87' lang='lat' dir='ltr'><strong>curiosi</strong></span> <span class='ocrx_word' id='word_1_172' title='bbox 1352 2576 1419 2610; x_wconf 91' lang='lat' dir='ltr'><strong>ac</strong></span> <span class='ocrx_word' id='word_1_173' title='bbox 1464 2557 1688 2611; x_wconf 90' lang='lat' dir='ltr'><strong>molesti</strong></span> <span class='ocrx_word' id='word_1_174' title='bbox 1735 2565 1867 2611; x_wconf 90' lang='lat' dir='ltr'><strong>sunt</strong></span> <span class='ocrx_word' id='word_1_175' title='bbox 1918 2558 1975 2611; x_wconf 87' lang='lat' dir='ltr'><strong>in</strong></span> <span class='ocrx_word' id='word_1_176' title='bbox 2027 2575 2261 2628; x_wconf 90' lang='lat' dir='ltr'><strong>percon-</strong></span> 
     </span>
     <span class='ocr_line' id='line_1_27' title="bbox 628 2642 2261 2712; baseline -0.001 -14"><span class='ocrx_word' id='word_1_177' title='bbox 628 2644 824 2707; x_wconf 92' lang='lat' dir='ltr'><strong>tand0,</strong></span> <span class='ocrx_word' id='word_1_178' title='bbox 854 2650 915 2697; x_wconf 84' lang='lat' dir='ltr'><strong>ut</strong></span> <span class='ocrx_word' id='word_1_179' title='bbox 948 2643 1120 2697; x_wconf 90' lang='lat' dir='ltr'><strong>finem</strong></span> <span class='ocrx_word' id='word_1_180' title='bbox 1162 2642 1377 2696; x_wconf 90' lang='lat' dir='ltr'><strong>nullum</strong></span> <span class='ocrx_word' id='word_1_181' title='bbox 1419 2642 1630 2696; x_wconf 89' lang='lat' dir='ltr'><strong>faciant</strong></span> <span class='ocrx_word' id='word_1_182' title='bbox 1669 2642 1757 2696; x_wconf 91' lang='lat' dir='ltr'><strong>vel</strong></span> <span class='ocrx_word' id='word_1_183' title='bbox 1797 2642 2261 2712; x_wconf 86' lang='lat' dir='ltr'><strong>argumentandi,</strong></span> 
     </span>
     <span class='ocr_line' id='line_1_28' title="bbox 627 2728 2254 2799; baseline -0.002 -15"><span class='ocrx_word' id='word_1_184' title='bbox 627 2730 716 2785; x_wconf 85' lang='lat' dir='ltr'><strong>vel</strong></span> <span class='ocrx_word' id='word_1_185' title='bbox 779 2738 974 2784; x_wconf 90' lang='lat' dir='ltr'><strong>nostra</strong></span> <span class='ocrx_word' id='word_1_186' title='bbox 1048 2748 1322 2799; x_wconf 88' lang='lat' dir='ltr'><strong>responsa</strong></span> <span class='ocrx_word' id='word_1_187' title='bbox 1387 2748 1516 2782; x_wconf 91' lang='lat' dir='ltr'><strong>cum</strong></span> <span class='ocrx_word' id='word_1_188' title='bbox 1582 2728 1706 2782; x_wconf 90' lang='lat' dir='ltr'><strong>aliis</strong></span> <span class='ocrx_word' id='word_1_189' title='bbox 1770 2729 2254 2787; x_wconf 87' lang='lat' dir='ltr'><strong>communicandi.</strong></span> 
     </span>
     <span class='ocr_line' id='line_1_29' title="bbox 632 2817 2262 2881; baseline -0.002 -8"><span class='ocrx_word' id='word_1_190' title='bbox 632 2819 913 2873; x_wconf 90' lang='lat' dir='ltr'><strong>Mundum</strong></span> <span class='ocrx_word' id='word_1_191' title='bbox 978 2818 1285 2872; x_wconf 90' lang='lat' dir='ltr'><strong>rotundum</strong></span> <span class='ocrx_word' id='word_1_192' title='bbox 1351 2835 1474 2871; x_wconf 91' lang='lat' dir='ltr'><strong>esse</strong></span> <span class='ocrx_word' id='word_1_193' title='bbox 1539 2817 1899 2881; x_wconf 84' lang='lat' dir='ltr'><strong>nesciebant3</strong></span> <span class='ocrx_word' id='word_1_194' title='bbox 1984 2817 2124 2872; x_wconf 91' lang='lat' dir='ltr'><strong>nihil</strong></span> <span class='ocrx_word' id='word_1_195' title='bbox 2194 2819 2262 2871; x_wconf 92' lang='lat' dir='ltr'><strong>de</strong></span> 
     </span>
     <span class='ocr_line' id='line_1_30' title="bbox 630 2902 2261 2972; baseline -0.002 -14"><span class='ocrx_word' id='word_1_196' title='bbox 630 2904 764 2958; x_wconf 90' lang='lat' dir='ltr'><strong>solis</strong></span> <span class='ocrx_word' id='word_1_197' title='bbox 804 2910 1201 2972; x_wconf 91' lang='lat' dir='ltr'><strong>astrorumque</strong></span> <span class='ocrx_word' id='word_1_198' title='bbox 1242 2920 1407 2956; x_wconf 89' lang='lat' dir='ltr'><strong>cursu</strong></span> <span class='ocrx_word' id='word_1_199' title='bbox 1444 2910 1776 2972; x_wconf 83' lang='lat' dir='ltr'><strong>cognorant.</strong></span> <span class='ocrx_word' id='word_1_200' title='bbox 1859 2902 2105 2958; x_wconf 86' lang='lat' dir='ltr'><strong>Proinde</strong></span> <span class='ocrx_word' id='word_1_201' title='bbox 2138 2902 2261 2957; x_wconf 89' lang='lat' dir='ltr'><strong>haec</strong></span> 
     </span>
     <span class='ocr_line' id='line_1_31' title="bbox 630 2989 2258 3059; baseline -0.002 -15"><span class='ocrx_word' id='word_1_202' title='bbox 630 2991 851 3059; x_wconf 91' lang='lat' dir='ltr'><strong>aliaque</strong></span> <span class='ocrx_word' id='word_1_203' title='bbox 919 2990 1218 3059; x_wconf 88' lang='lat' dir='ltr'><strong>ejusmodi,</strong></span> <span class='ocrx_word' id='word_1_204' title='bbox 1270 2989 1444 3043; x_wconf 90' lang='lat' dir='ltr'><strong>veluti</strong></span> <span class='ocrx_word' id='word_1_205' title='bbox 1507 2996 1880 3052; x_wconf 87' lang='lat' dir='ltr'><strong>cometarum,</strong></span> <span class='ocrx_word' id='word_1_206' title='bbox 1939 2989 2258 3051; x_wconf 88' lang='lat' dir='ltr'><strong>fulminum,</strong></span> 
     </span>
     <span class='ocr_line' id='line_1_32' title="bbox 630 3073 2260 3148; baseline -0.002 -15"><span class='ocrx_word' id='word_1_207' title='bbox 630 3076 897 3133; x_wconf 89' lang='lat' dir='ltr'><strong>imbrium</strong></span> <span class='ocrx_word' id='word_1_208' title='bbox 943 3095 1145 3132; x_wconf 90' lang='lat' dir='ltr'><strong>causas</strong></span> <span class='ocrx_word' id='word_1_209' title='bbox 1187 3095 1317 3131; x_wconf 91' lang='lat' dir='ltr'><strong>cum</strong></span> <span class='ocrx_word' id='word_1_210' title='bbox 1361 3075 1694 3147; x_wconf 84' lang='lat' dir='ltr'><strong>interrogati</strong></span> <span class='ocrx_word' id='word_1_211' title='bbox 1737 3073 2122 3148; x_wconf 78' lang='lat' dir='ltr'><strong>aperiremuS,</strong></span> <span class='ocrx_word' id='word_1_212' title='bbox 2150 3074 2260 3131; x_wconf 92' lang='lat' dir='ltr'><strong>avi-</strong></span> 
     </span>
    </p>
   </div>
   <div class='ocr_carea' id='block_1_3' title="bbox 0 0 2649 3754">
    <p class='ocr_par' dir='ltr' id='par_1_3' title="bbox 0 0 2649 3754">
     <span class='ocr_line' id='line_1_33' title="bbox 0 0 2649 3754; baseline 0 0"><span class='ocrx_word' id='word_1_213' title='bbox 0 0 2649 3754; x_wconf 95' lang='lat' dir='ltr'><strong> </strong></span> 
     </span>
    </p>
   </div>
  </div>
 </body>
</html>
