2649 3754
89 1607 111 1628 i*
127 1617 129 1622 V

627 365 731 429 1‘·2“4
1005 355 1190 414 mnan
1226 343 1738 414 v11.—E'i²'1sroLi
1776 354 1855 413 iv.

622 503 745 557 sine
786 503 1034 572 quadam
1077 503 1455 556 admiratione
1498 497 1831 557 visentibus·
1911 491 2068 555 Pauli
2110 490 2243 555 Vero

622 588 800 658 ipsius
839 590 1083 642 officium
1126 609 1259 660 erga
1297 608 1401 643 nos
1429 608 1496 644 ac
1522 591 1663 643 fides
1702 590 1925 661 egregia
1964 588 2243 644 constitit.

624 680 736 750 Qui
780 682 931 750 quod
975 698 1035 733 se
1070 682 1141 733 ad
1186 680 1417 734 Christi·
1442 697 1670 748 gregem
1713 679 1989 748 adjunxit,
2034 677 2243 748 nequa-

622 785 797 836 quam
833 767 1197 819 offenduntur
1230 767 1288 818 in
1324 766 1418 818 illo
1451 766 1708 837 Japonii3
1765 765 2021 835 quinimo
2067 752 2244 833 suspi-

623 845 781 907 ciunt
828 852 1117 907 hominem
1166 854 1318 922 quod
1375 852 1600 906 Indiam
1650 850 2049 921 peragraverit,
2091 849 2244 919 quod

626 939 765 1007 ipsis
791 938 1080 1006 incognita
1108 938 1286 991 multa
1313 937 1591 991 didicerit.

702 1024 952 1092 Regulus
992 1024 1220 1092 quidem
1261 1024 1400 1092 ipse,
1429 1043 1558 1076 cum
1587 1025 1658 1076 ad
1687 1042 1816 1076 eum
1852 1024 2059 1076 Paulus
2084 1023 2246 1093 quin·

628 1129 736 1179 que
779 1110 974 1178 procul
1017 1112 1088 1161 ab
1131 1111 1342 1179 oppido
1383 1110 1558 1162 leucis
1604 1099 2056 1163 commorantem
2103 1109 2246 1162 salu·

626 1205 812 1250 tatum
874 1196 1207 1250 accessisset
1269 1196 1502 1249 honoris
1562 1214 1750 1260 causa,
1813 1196 2139 1265 pictamque
2190 1195 2248 1248 in

625 1282 821 1336 tabula
852 1285 1053 1351 (quam
1082 1300 1149 1334 ex
1178 1282 1343 1334 India
1370 1282 1728 1346 adveximus)
1766 1281 1980 1336 Christi
2014 1281 2249 1334 Domini

628 1367 827 1431 nostri,
857 1375 913 1421 et
942 1367 1317 1421 sanctissimae
1358 1367 1609 1436 Virginis
1651 1368 1853 1421 Matris
1881 1386 2072 1421 secum
2100 1375 2248 1422 attu-

626 1453 785 1507 lisset
830 1454 1156 1524 imaginem,
1212 1473 1556 1524 magnopere
1602 1454 1779 1525 ipsius
1824 1456 2071 1509 adventu
2117 1472 2249 1509 con·

625 1559 935 1610 gressuque
976 1541 1201 1594 laetatus
1238 1550 1352 1604 est;
1405 1542 1695 1610 multaque
1732 1543 1802 1594 de
1842 1542 2249 1595 Lusitanorum

627 1628 881 1680 moribus
933 1629 1114 1697 deque
1166 1627 1404 1696 imperio
1457 1628 1607 1696 quod
1661 1627 1921 1681 obtinent
1972 1627 2031 1680 in
2085 1626 2250 1680 India

625 1710 1011 1786 percontatUS,
1041 1714 1285 1785 denique
1321 1712 1600 1783 prolatam
1629 1734 1661 1769 a
1692 1712 1886 1778 Pau10,
1916 1734 2087 1783 quam
2116 1714 2248 1777 dixi,
2287 1728 2289 1730 ·

622 1794 929 1870 imaginem
973 1801 1136 1855 nixus
1178 1800 1417 1869 genibus
1460 1801 1718 1854 adoravit
1762 1801 2015 1870 supplex,
2076 1810 2248 1873 atque

624 1887 682 1942 id
721 1875 907 1957 ipsum
948 1889 1067 1941 fieri
1108 1889 1179 1940 ab
1213 1889 1477 1940 omnibus
1517 1890 1613 1957 qui
1653 1891 1890 1941 aderant
1931 1891 2248 1960 imperavit.

627 1975 912 2030 Eamdem
966 1977 1357 2043 contemplata
1398 1995 1528 2027 mox
1567 1976 1742 2044 reguli
1783 1994 2007 2045 quoque
2049 1983 2249 2040 mater,

627 2081 895 2132 magnam
928 2063 1078 2131 cepit
1118 2062 1554 2116 admirationem
1589 2062 1757 2116 simul
1784 2079 1851 2116 ac
1876 2062 2248 2132 voluptatem.

627 2151 831 2224 Itaque
876 2150 1072 2219 paucis
1117 2158 1246 2219 post
1293 2150 1492 2203 diebus
1538 2168 1709 2218 quam
1767 2149 1972 2203 Paulus
2026 2151 2249 2219 Cango-

625 2237 838 2291 ximam
866 2236 1049 2299 rediit,
1096 2236 1248 2289 misit
1294 2235 1493 2289 mulier
1535 2235 1630 2304 qui
1673 2236 2088 2289 desumendum
2129 2238 2285 2305 ejus-

626 2322 946 2391 exemplum
990 2322 1179 2391 aliquo
1223 2323 1395 2374 modo
1438 2330 1678 2386 curaret,
1707 2340 1903 2374 verum
1946 2322 2122 2376 defuit
2165 2341 2249 2376 ar·

623 2408 779 2462 tifex.
859 2409 1029 2462 Petiit
1070 2409 1243 2462 etiam
1272 2427 1305 2461 a
1333 2409 1497 2461 nobis
1525 2417 1586 2461 ut
1615 2409 1721 2461 sibi
1754 2409 1886 2462 fidei
1926 2396 2250 2463 christianae

626 2496 816 2565 capita
843 2496 1045 2550 litteris
1085 2496 1400 2549 ederemus
1481 2497 1549 2548 In
1578 2513 1704 2548 eam
1734 2514 1852 2548 rem
1896 2497 2103 2549 Paulus
2131 2497 2252 2551 dies

625 2582 840 2651 aliquot
915 2582 1213 2651 diligenter
1285 2583 1559 2646 incubuit,
1627 2590 1682 2635 et
1741 2583 2010 2651 japonice
2075 2584 2253 2638 multa

626 2669 982 2739 conscripsit.

702 2758 863 2811 Idem
918 2765 1194 2826 cognatos
1245 2756 1575 2826 amicosque
1627 2755 1802 2810 homo
1849 2755 2090 2826 impiger
2135 2756 2256 2814 dies

626 2863 694 2898 ac
747 2852 946 2897 noctes
985 2846 1056 2896 ad
1104 2845 1346 2897 salutem
1390 2844 1605 2896 hortari
1647 2861 1713 2895 ac
1757 2845 1960 2897 docere
2003 2860 2118 2897 non
2161 2845 2254 2898 de-

625 2932 789 2997 stitit,
834 2932 1100 3001 brevique
1143 2949 1374 2985 uxorem
1419 2931 1711 3006 etxfiliam,
1743 2930 1952 2984 multos
1979 2937 2255 3000 praeterea

626 3018 919 3088 utriusque
971 3036 1137 3072 sexus
1181 3018 1240 3070 in
1287 3017 1432 3071 ovile
1479 3017 1712 3070 Domini
1759 3017 2053 3087 compulit.
2132 3019 2254 3091 Nec

627 3108 905 3169 sane-(ut
951 3105 1113 3158 initia
1165 3123 1289 3157 sese
1341 3106 1511 3168 dant)
1561 3103 1863 3158 consilium
1909 3122 2105 3159 eorum
2150 3106 2253 3160 im-
