2665 3754
721 342 829 397 304
1067 342 1254 382 LIBER
1288 343 1415 383 vm.
1436 358 1510 370 —-·
1529 343 1832 386 EPISTOLAJ.
1857 343 1995 387 XXU-

129 357 131 381 Ι

112 406 133 478 ,Ι
164 412 170 450 ³

107 375 128 579 Q
145 482 147 485 ’
702 484 813 549 per·
848 480 1124 551 Ewropam
1168 482 1347 535 Socios
1389 481 1746 542 scribendum;
1802 479 2140 551 indulgentia.
2182 480 2336 552 impe·

710 565 933 619 trandae.
1008 568 1272 620 Poscentes
1323 568 1646 621 Societatem>
1679 566 1948 638 seligendi,
1999 584 2087 619 nec
2138 567 2210 619 ad
2255 586 2336 622 sa-

704 651 995 706 cerdotium
1019 654 1389 725 ,promovendi
1449 654 1555 708 nisi
1615 654 1817 707 abunde
1869 653 2098 724 probati.
2174 654 2334 709 Prius

171 794 174 817 Σ
704 744 751 791 et
798 739 967 809 magis
1007 740 1295 794 domesticis
1339 758 1496 810 quam
1539 741 1760 793 externis
1805 739 2170 792 consulendum
2181 759 2203 800 ;
2257 742 2332 793 vi-

72 834 102 890 3÷=
702 825 841 878 carii
902 826 972 879 ad
1020 826 1210 897 quaevis
1272 826 1447 880 idonei
1507 826 1796 897 deligendi3
1862 826 2108 881 destinati
2167 828 2330 881 sacr-is

155 863 165 1067 Q
696 913 1019 984 perficiendi.
1114 916 1391 968 Accuratae
1453 914 1636 968 littera
1698 914 1872 968 crebro
1934 914 2225 971 absentibus
2253 980 2256 982 ι
2287 922 2333 968 et

701 999 970 1054 mittendae·
1017 1006 1063 1053 et
1112 1000 1392 1072 exigendae.
1468 1000 1780 1055 Necessaria
1841 1001 1902 1054 in
1955 1000 2247 1078 episcopum·
2288 1008 2334 1057 et

692 1088 1042 1159 proepiscopos
1091 1088 1433 1142 observantia.
1510 1083 1740 1153 Jubilcei
1776 1088 2002 1157 fructus.
2081 1087 2232 1141 Socii
2274 1088 2332 1142 in

700 1174 891 1239 Dium,
951 1176 1265 1247 Japoniam,
1329 1175 1374 1231 C
1378 1175 1601 1240 ocinum,
1664 1175 1989 1230 Bazainum.
2067 1174 2332 1230 Amicitia

700 1284 819 1319 cum
866 1266 1151 1335 Religiosis
1196 1273 1242 1320 et
1275 1266 1519 1337 parochis
1558 1266 1780 1337 impense
1830 1266 2072 1328 colenda,·
2123 1266 2328 1336 negotia

701 1352 976 1418 secularia,
1010 1353 1418 1424 seculariumqae
1456 1353 1675 1407 subdola
1711 1351 1966 1423 colloquia
2000 1351 2327 1407 declinanda.

702 1438 1020 1494 Adhibenda
1060 1458 1187 1494 cara
1226 1440 1502 1495 seminarii
1511 1458 1533 1502 ,·
1579 1457 1638 1495 ac
1665 1440 2035 1510 circumspecta
2061 1440 2132 1496 ad
2162 1456 2331 1511 regem

703 1526 888 1578 littera:
930 1527 1318 1579 conscribendae.

718 1696 909 1841 UT
959 1699 1087 1763 ista,
1142 1720 1314 1770 quam
1359 1699 1463 1755 tibi
1508 1700 1868 1764 demandavi,
1923 1699 2112 1755 Goani
2164 1698 2329 1769 hujus

848 1785 854 1801 ⁵
905 1789 1124 1860 collegii
1176 1798 1231 1844 et
1285 1789 1581 1845 Sociorum
1643 1808 1745 1861 per
1803 1788 1908 1842 hos
1958 1796 2175 1843 tractus
2229 1806 2325 1860 gu·
2395 1797 2397 1799 ’

701 1873 1056 1939 bernatione,
1113 1883 1264 1931 reete
1319 1877 1392 1931 ad
1443 1876 1526 1932 tui
1582 1883 1638 1932 et
1699 1876 1938 1932 aliorum
1991 1876 2167 1932 animi
2217 1876 2323 1933 fru-

701 1972 857 2018 ctum
911 1964 1141 2036 defungi
1192 1965 1401 2030 valeaS,
1454 1965 1577 2019 haec
1628 1966 1687 2017 in
1738 1966 2033 2035 procinctu
2084 1962 2323 2035 peregri-

698 2049 949 2104 nationis
994 2050 1319 2121 longinquae
1362 2051 1574 2121 scripto
1619 2068 1885 2121 expressa
1927 2053 2201 2106 mandata
2241 2068 2321 2105 re-

699 2137 1007 2208 linquenda
1045 2138 1147 2191 tibi
1188 2138 1400 2201 censui,
1430 2158 1557 2209 quae
1583 2146 1641 2192 te
1676 2138 1952 2207 majorem
1991 2137 2049 2190 in
2089 2138 2321 2192 modum

70 2207 87 2271 'ri
696 2224 864 2278 velim
939 2226 1147 2296 saepius
1214 2227 1459 2280 absente·
1514 2244 1604 2280 me
1667 2226 1869 2296 legere,
1936 2225 2319 2296 memoriaque

695 2312 964 2381 praesenti
1030 2331 1254 2383 semper
1325 2312 1620 2384 amplecti;
1686 2313 1839 2384 quod
1891 2312 2094 2367 horum
2146 2313 2318 2367 ductu

694 2398 1045 2471 consilioque
1116 2400 1462 2455 monitorum
1526 2400 1584 2454 in
1649 2399 1805 2453 omni
1885 2397 2317 2470 cujusquemodi

694 2487 1053 2557 negotiorum
1121 2488 1634 2553 administratione,
1682 2489 1756 2542 ad
1807 2505 1937 2543 eum
1989 2505 2103 2559 quo
2153 2486 2317 2542 unice

693 2573 1011 2644 aspiramus
1055 2574 1263 2629 divinae
1311 2574 1543 2645 majoris
1586 2575 1779 2645 gloriae
1825 2593 2062 2645 scopum
2108 2582 2166 2630 te
2211 2574 2315 2629 uti-

693 2660 827 2715 liter·
866 2662 1224 2732 dirigendum
1270 2663 1608 2718 existimem.

74 2808 76 2827 ÷
765 2750 917 2805 Ante
963 2751 1156 2805 omnia
1202 2759 1398 2822 satage
1444 2759 1505 2806 ut
1551 2752 1608 2804 in
1653 2751 1926 2806 continuo
1971 2751 2190 2805 intimae
2233 2748 2315 2803 tui

74 2842 76 2890 j
113 2899 128 2906 -
154 2833 198 2964 Q
693 2837 1077 2908 depressionis
1114 2856 1282 2894 sensu
1323 2839 1569 2894 defixum
1609 2846 1809 2894 teneas
1847 2839 2122 2904 animum,
2154 2838 2326 2908 juxta·

692 2943 765 2979 ea·
803 2943 930 2995 quae
981 2925 1084 2980 t-ibi
1136 2926 1276 2980 alias
1326 2926 1586 2996 poscenti
1637 2927 1708 2981 de
1760 2926 1869 2980 hoe
1919 2943 2126 2996 genere
2175 2942 2313 2996 prae-

693 3018 861 3082 cepta
898 3012 1126 3077 tradidi,
1168 3012 1499 3083 quotidiana
1535 3030 1602 3067 ea
1629 3013 2003 3068 meditatione
2041 3012 2323 3075 recol'enS,

693 3100 875 3171 iisque
906 3102 1017 3157 alte
1058 3102 1424 3171 penetrandis
1465 3102 1754 3167 insistens,
1797 3103 1990 3173 quoad
2028 3100 2312 3173 insculpas
