2665 3754
787 300 892 367 398
1172 317 1357 354 LIBER
1398 317 1472 354 IX.
1497 332 1567 339 -
1587 317 1881 355 EPISTOLA
1925 317 2040 355 XIV.

782 448 928 502 taria
974 449 1255 519 ejusmodi
1296 448 1480 515 fuerit,
1527 458 1587 504 ut
1629 449 1751 521 ipsa
1792 469 1892 521 per
1931 469 1991 504 se
2029 449 2414 507 calamitatem

782 537 854 590 ab
884 536 977 591 illo
1006 538 1358 607 deprecetur.
1399 538 1510 592 -Sin
1539 538 1746 602 minuS,
1777 538 1931 592 nullo
1960 539 2133 593 modo
2160 537 2415 608 recipies,

783 642 853 677 ne
901 624 1026 694 ipso
1072 624 1303 695 quidem
1356 644 1592 696 prorege
1642 633 1962 698 cunctaque
2012 626 2177 679 India
2222 626 2417 697 depre-

782 719 968 765 cante.

858 801 1075 853 Iterum
1103 801 1206 853 tibi
1236 820 1441 854 revoco
1477 802 1534 854 in
1564 802 1900 867 memoriam
1939 810 1999 854 ut
2037 801 2093 854 in
2126 801 2414 856 Molucum

779 894 835 939 et
876 886 1186 956 Japoniam
1228 888 1455 941 nonnisi
1495 897 1802 957 spectatOS,
1847 907 2166 958 magnaque
2204 888 2413 944 virtute

777 981 949 1042 atque
986 992 1090 1026 usu
1128 974 1330 1027 Socios
1368 974 1564 1028 mittas
1578 994 1590 1037 ;
1633 975 1776 1028 tales
1817 974 1969 1028 enim
2013 974 2259 1028 cultores
2298 978 2414 1045 agri

778 1058 854 1110 illi
901 1059 1248 1113 desiderant.

853 1145 1202 1213 Magnopere
1261 1165 1353 1198 me
1415 1147 1757 1198 commenda
1819 1146 2095 1198 universis
2153 1145 2414 1200 Patribus

778 1230 826 1280 F
830 1230 1188 1299 ratribusque
1231 1232 1536 1283 Societatis
1577 1240 1805 1294 nostrae,
1848 1233 2228 1300 omnibusque
2268 1232 2410 1300 ejus-

775 1315 906 1366 dem
969 1316 1258 1368 studiosis.
1364 1317 1782 1370 Dominicanos
1861 1336 1928 1370 ac
1995 1317 2411 1371 Franciscanos

777 1403 976 1456 Patres
1030 1403 1172 1456 meis
1224 1403 1410 1457 verbis
1463 1404 1754 1469 salutabiS,
1809 1412 1980 1475 atque
2034 1405 2410 1459 obtestaberis

775 1497 836 1544 ut
889 1490 947 1543 in
1001 1490 1217 1545 sanctis
1269 1490 1386 1545 suis
1436 1491 1701 1560 precibus
1753 1510 1819 1546 ac
1874 1491 2167 1545 sacrificiis
2222 1493 2407 1546 Deum

774 1597 877 1647 pro
930 1597 1022 1631 me
1076 1597 1236 1631 orare
1289 1597 1404 1631 non
1452 1578 1752 1632 desistant.
2234 1595 2240 1598 “

849 1668 1008 1721 Deus
1043 1685 1148 1721 nos
1189 1675 1465 1736 perpetuo
1507 1675 1685 1737 regat,
1731 1675 1786 1721 et
1827 1667 2135 1737 aliquando
2178 1667 2236 1721 in
2276 1667 2405 1721 bea-

775 1753 1039 1807 titudinis
1085 1773 1203 1807 suae
1252 1753 1590 1807 societatem
1636 1762 1801 1808 vocet
1849 1753 1906 1806 in
1953 1753 2180 1807 coelum.

847 1842 937 1893 Ex
990 1841 1278 1895 Sanciano
1332 1841 1595 1894 Sinarum
1652 1840 1852 1904 insula,
1898 1843 2067 1894 VIII.
2120 1840 2403 1895 Kalendas

778 1927 1122 1980 Novembris
1165 1928 1424 1979 MDLII.

921 2073 1080 2124 Tuus
1119 2072 1176 2123 in
1221 2071 1457 2125 Christo
1500 2071 1772 2125 minimus
1814 2074 2031 2135 Frater,

1933 2219 1981 2270 F
1986 2232 2333 2271 RANcrsCUS.

1421 2369 1753 2408 Μνήμω-

1224 2577 1441 2646 EPJS
1452 2550 1723 2637 TOLA'
1766 2577 1961 2638 XIV.

1447 2806 1732 2867 Eidem.

840 2981 1043 3033 Didaci
1080 2980 1308 3032 Pereirce
1346 2981 1405 3032 in
1443 2981 1689 3033 Sinicozm
1729 2982 2172 3034 transmissionem
2209 2982 2395 3053 irnpen-

765 3072 874 3136 dm,
903 3071 994 3141 qui
1021 3076 1290 3141 propterea
1327 3071 1544 3141 impense
1581 3089 1614 3125 a
1641 3071 1812 3126 Sociis
1838 3077 1908 3126 est
1934 3072 2190 3127 colendus.
2242 3072 2302 3127 N
2304 3085 2396 3125 ova

2589 452 2665 524 eju

2571 541 2665 611 ‘qm

2586 719 2663 768 cat

2588 993 2665 1029 set

2593 2965 2659 3021 illi

2591 3072 2665 3108 sul
