2639 3798
679 404 862 442 LIBER
900 405 1028 443 vm.
1049 418 1122 426 -—
1142 406 1437 444 EPIsroLA
1475 406 1589 443 xv1.
1846 395 1951 462 269

319 541 571 596 tionibus
623 550 848 593 tantum
901 541 1002 593 otii
1051 541 1266 610 eripere
1311 540 1508 609 possit,
1557 549 1837 608 quantum
1885 560 1950 594 ea

321 646 410 683 res
461 628 732 697 postulat,
786 646 886 681 oro
938 636 1000 682 ut
1047 629 1104 682 id
1156 628 1342 698 ipsum
1395 629 1466 680 ab
1518 627 1629 680 alio
1681 627 1949 697 quopiam

322 715 767 768 domesticarum
814 733 1000 766 rerum
1048 714 1187 767 satis
1232 713 1414 781 perito
1460 713 1579 766 fieri
1618 714 1837 781 jubeat,
1881 732 1951 768 ne

326 820 431 870 ego
463 804 730 855 Fratrum
759 820 1016 854 meorum
1044 801 1277 854 incensa
1303 799 1558 869 patiendi
1587 819 1690 868 pro
1719 799 1951 855 Christo

325 888 514 940 studia
558 888 786 956 penitus
831 887 1107 954 ignorem.

396 976 728 1028 Meminisse
768 975 920 1027 enim
960 974 1148 1045 aliqua
1188 974 1407 1027 ratione
1435 994 1533 1026 eos
1561 981 1786 1042 oportet
1820 975 1948 1037 mei,

326 1063 422 1133 qui
475 1063 726 1133 ipsorum
785 1079 1005 1116 memor
1061 1063 1348 1132 superiore
1400 1079 1552 1115 anno
1603 1063 1949 1132 peragrarim

318 1150 644 1222 Japoniam,
699 1168 851 1203 nunc
902 1168 1036 1203 vero
1084 1149 1253 1203 Sinas
1302 1156 1514 1219 petam,
1561 1156 1621 1203 ut
1667 1149 1749 1203 eis
1798 1149 1948 1203 viam

320 1240 392 1293 ad
446 1239 668 1293 illarum
720 1238 973 1308 gentium
1028 1237 1457 1292 conversionem
1512 1237 1795 1292 muniam:
1838 1257 1951 1308 quo

318 1326 581 1379 videlicet
637 1326 917 1379 latissimo
969 1324 1064 1377 illo
1115 1343 1319 1393 campo
1369 1323 1677 1393 patefactO,
1731 1325 1803 1377 sit
1856 1326 1949 1378 ubi

321 1414 544 1484 egregia
596 1415 926 1468 eorumdem
980 1414 1182 1482 pietaS,
1242 1422 1296 1465 et
1351 1413 1526 1465 divini
1590 1414 1801 1465 amoris
1854 1414 1948 1465 sti-

321 1499 488 1552 mulis
533 1500 772 1553 incitata
814 1499 995 1552 virtus
1040 1506 1316 1567 excurrat.

396 1590 553 1642 Deus
607 1606 712 1641 nos
764 1589 821 1639 in
876 1590 1187 1639 Beatorum
1242 1596 1413 1651 coetu,
1468 1596 1525 1639 et
1581 1586 1658 1651 (si
1711 1606 1778 1639 ex
1829 1586 1950 1656 ejus

320 1696 423 1730 usu
469 1676 721 1731 futurum
765 1679 879 1739 est)
928 1676 986 1729 in
1029 1675 1137 1730 hac
1183 1694 1407 1745 quoque
1449 1677 1567 1731 vita
1609 1678 1950 1746 conjunctos

321 1774 375 1820 et
423 1765 784 1820 consociatos
828 1764 981 1817 velit.

395 1854 528 1906 Dat.
561 1853 758 1906 Idibus
785 1852 993 1920 Aprilis
1025 1853 1285 1905 MDLII.
1316 1854 1475 1906 Goae.

394 1981 654 2033 Fratrem
699 1978 788 2032 cui
832 1977 981 2032 hanc
1024 1977 1325 2047 epistolam
1363 1980 1435 2032 ad
1473 1987 1529 2032 te
1567 1980 1716 2044 dedi,
1755 2000 1951 2051 quaeso

319 2074 394 2130 te,
463 2068 710 2119 Romam
776 2065 940 2118 mitte
1005 2065 1448 2133 quamprimum,
1502 2074 1563 2118 ut
1626 2067 1950 2137 insequenti

320 2171 470 2205 anno
534 2170 664 2205 cum
731 2150 923 2204 multis
990 2151 1252 2204 Patribus
1316 2153 1389 2205 ad
1454 2170 1558 2206 nos
1615 2162 1948 2209 revertatur.

323 2241 472 2293 Nam
526 2240 572 2293 si
625 2238 950 2292 christianae
1003 2238 1259 2307 religioni
1313 2239 1501 2292 aditus
1557 2241 1843 2311 aperietur
1894 2242 1951 2296 in

323 2328 506 2392 Sinas,
553 2336 608 2381 et
660 2324 968 2380 vita‘mihi
1015 2327 1419 2396 suppeditabit,
1466 2337 1597 2396 post
1642 2329 1950 2383 triennium

321 2424 418 2469 aut
482 2414 920 2485 quadriennium
976 2415 1032 2468 in
1089 2415 1314 2468 Indiam
1380 2417 1561 2470 redire
1626 2419 1835 2488 cogito,
1892 2426 1951 2474 ut

323 2505 585 2558 Patribus
649 2504 864 2575 aliquot
932 2504 1340 2574 Fratribusque
1405 2506 1715 2576 assumptis
1780 2506 1950 2561 sociis

318 2597 437 2644 tam
482 2590 711 2661 gloriosi
756 2590 982 2654 laboriS,
1032 2591 1089 2643 in
1137 2591 1228 2644 illa
1272 2609 1362 2644 me
1408 2592 1647 2646 referam
1694 2595 1838 2660 loca,
1887 2605 1948 2649 ut

320 2680 470 2747 apud
504 2681 755 2750 Japones
795 2685 891 2728 aut
936 2677 1103 2729 Sinas
1143 2686 1371 2730 aetatem
1401 2679 1640 2746 exigam,
1671 2700 1737 2733 ac
1767 2690 1950 2734 morte

320 2764 610 2833 defungar.
