2649 3754
1023 366 1207 403 LIBER
1246 365 1351 403 vn.
1373 379 1446 388 -·-
1466 363 1762 405 EPISTOLA
1803 364 1882 403 IV.

641 368 743 406 122

635 497 798 550 valde
827 498 1106 552 incertum
1150 499 1378 564 offendi,
1423 517 1595 570 quam
1623 500 1714 555 ille
1741 517 1941 571 parum
1979 516 2118 554 sane
2162 498 2271 554 sibi

636 595 912 640 constans
965 588 1136 640 modo
1183 587 1384 640 asserit
1442 588 1612 641 modo
1669 594 1858 657 negat.
1938 587 2126 656 Quam
2171 603 2269 640 ve-

636 690 764 728 reor
815 691 885 728 ne
938 673 1135 743 reliqui
1189 673 1302 728 sint
1355 672 1486 728 huic
1539 673 1750 728 similes
1801 672 2055 728 litterati.
2136 674 2271 743 Ipse

636 769 828 814 autem
897 761 1007 814 dici
1074 761 1166 813 vix
1216 769 1406 829 potest
1460 770 1675 830 quanta
1728 780 1819 813 me
1870 760 2272 813 benevolentia

642 856 1041 917 prosequatur.
1803 903 1807 905 s

710 935 911 1004 Neque
952 953 1084 987 vero
1124 934 1314 987 caeteri
1354 953 1555 988 omnes
1583 943 1638 988 et
1670 935 1859 988 bonzii
1899 942 1954 989 et
1987 934 2115 988 laici
2151 951 2267 988 non

635 1023 947 1075 admodum
991 1029 1188 1074 nostra
1228 1021 1643 1075 consuetudine
1683 1020 1952 1075 delectari
1988 1020 2271 1075 videntur.

635 1111 823 1178 Atque
864 1109 999 1163 illud
1043 1110 1322 1163 mirantur
1349 1109 1405 1162 in
1433 1109 1649 1178 primiS,
1693 1109 2000 1178 divinoque
2039 1126 2272 1178 prorsus

636 1196 925 1249 affirmant
972 1195 1187 1249 factum
1235 1215 1359 1248 esse
1405 1196 1662 1259 consili0,
1708 1204 1769 1248 ut
1812 1215 1938 1248 eam
1982 1214 2155 1248 unam
2199 1197 2272 1248 ob

638 1303 757 1336 rem
807 1303 920 1353 quo
968 1286 1038 1336 de
1084 1285 1251 1335 rebus
1297 1284 1502 1336 divinis
1548 1285 1720 1335 verba
1772 1283 2104 1347 faceremUS,
2153 1292 2270 1337 tam

640 1379 892 1424 remotas
920 1371 977 1422 in
1006 1371 1266 1440 regiones
1298 1371 1565 1436 (omnino
1593 1371 1880 1424 leucarum
1909 1388 2006 1425 sex
2035 1371 2270 1425 millium

636 1467 692 1512 et
737 1476 803 1511 eo
844 1458 1088 1527 amplius
1132 1459 1239 1512 iter
1281 1461 1418 1522 est),
1464 1458 1535 1511 ab
1579 1457 1702 1526 ipsa
1748 1475 1926 1526 usque
1972 1456 2274 1511 Lusitania

638 1543 1121 1598 contenderimus,
1204 1543 1486 1597 Mirantur
1526 1544 1698 1597 etiam
1738 1542 2110 1597 vehementer
2141 1562 2272 1597 cum

638 1631 895 1694 audiunt,
963 1631 1226 1699 gentibus
1281 1631 1348 1683 iis
1401 1650 1526 1700 quae
1591 1631 1648 1683 in
1712 1633 1909 1702 Jesum
1977 1630 2272 1685 Christum

639 1718 983 1769 crediderint
1064 1718 1299 1786 ejusque
1364 1718 1667 1786 praeceptis
1731 1717 2271 1785 obtemperaverint,

641 1804 1023 1856 certissimum
1089 1804 1451 1872 sempiternae
1525 1804 1897 1857 beatitudinis
1973 1802 2272 1872 praemium

643 1910 767 1943 esse
810 1892 1187 1961 propositum.

708 1981 794 2033 Ad
850 1998 1134 2034 summam
1195 1982 1338 2035 scire
1390 1999 1491 2035 vos
1542 1980 1689 2045 vo10,
1745 1998 1858 2051 quo
1911 1979 2094 2050 magis
2147 1997 2271 2051 gra·

633 2068 893 2122 tulemini
960 2071 1084 2122 Deo
1145 2070 1415 2133 Domino,
1477 2087 1744 2137 magnam
1805 2070 1862 2121 in
1920 2068 2027 2122 hac
2088 2067 2274 2121 insula

634 2165 896 2226 paratam
941 2176 1065 2210 esse
1109 2156 1434 2211 christianae
1478 2157 1555 2210 rei
1599 2158 1745 2210 bene
1786 2157 2050 2226 gerendae
2096 2164 2272 2209 mate-

634 2245 795 2296 riem.
878 2246 1081 2314 Itaque
1125 2263 1230 2297 nos
1268 2245 1535 2314 japonice
1580 2245 1625 2298 si
1671 2262 1988 2308 nossemUS‚
2036 2243 2271 2299 dubium

636 2332 776 2384 mihi
824 2349 938 2384 non
987 2339 1072 2385 est
1119 2332 1255 2400 quin
1304 2332 1466 2385 multi
1513 2332 1714 2385 fierent
1769 2329 2084 2384 christiani.
2162 2331 2271 2384 Ve-

634 2426 960 2471 rumtamen
1008 2418 1162 2471 brevi
1221 2419 1378 2482 (Deo
1426 2418 1682 2482 favente)
1734 2419 2040 2470 discemus,
2120 2419 2270 2487 Qua-

634 2505 990 2573 dragesimus
1031 2505 1152 2558 dies
1189 2513 1275 2558 est
1314 2523 1381 2558 ex
1418 2522 1531 2574 quo
1571 2505 1642 2558 ad
1685 2521 1812 2558 eam
1854 2521 1973 2557 rem
2013 2502 2270 2557 animum

633 2591 978 2658 adjecimus:
1020 2601 1309 2659 praecepta
1337 2591 1594 2659 decalogi
1630 2590 1902 2659 japonica
1933 2590 2127 2659 lingua
2148 2589 2270 2659 jam

635 2677 994 2744 exponimus,

709 2764 854 2817 Haec
904 2781 1010 2831 ego
1061 2761 1238 2816 fusius
1289 2763 1361 2816 ad
1401 2783 1503 2816 vos
1544 2782 1611 2816 eo
1651 2763 1958 2832 perscrib0,
2001 2771 2063 2817 ut
2103 2761 2271 2816 vehe-

633 2850 882 2901 mentius
961 2850 1261 2919 gaudeatis
1325 2851 1382 2902 in
1459 2850 1712 2904 Domino
1783 2865 1947 2919 pares
2012 2849 2269 2904 omniurn

629 2945 883 2991 vestrum
938 2937 1235 2991 industriae
1290 2936 1607 3006 studiisque
1660 2936 1865 3006 aperiri
1926 2935 2269 3006 provinciaS,

629 3033 684 3078 et
752 3023 920 3078 simul
995 3032 1055 3078 ut
1123 3023 1452 3091 diligentius
1526 3024 1746 3077 interea
1819 3044 1949 3077 cum
2024 3025 2270 3095 reliquas

626 3111 865 3165 virtutes
927 3119 1050 3165 tum
1122 3111 1412 3180 praecipue
1485 3112 1824 3183 patientiam
1887 3111 2266 3167 meditemini.

108 3457 134 3501 33]
151 3458 155 3490 l
