2639 3798
562 393 745 434 LIBER
782 394 859 433 VI.
882 409 953 418 -·
973 393 1262 435 EPISTOLA
1302 394 1377 434 IV.

1658 396 1769 448 133

168 546 345 597 neque
404 527 679 591 barbaria,
742 548 921 598 neque
987 529 1309 581 daemonum
1374 528 1556 580 rabies
1615 527 1768 596 quic-

167 631 331 685 quam
394 632 597 669 nocere
657 615 819 670 nobis
873 615 1098 686 poterit,
1151 613 1258 668 nisi
1310 612 1586 685 permissu
1638 631 1766 667 con·

169 709 438 769 cessuque
488 701 857 770 praepotentis
910 701 1036 756 Dei.

239 788 432 842 Unum
509 788 740 842 omnino
815 787 1098 852 timemUS,
1178 806 1247 840 ne
1325 787 1507 841 Deum
1586 786 1769 857 ipsum

168 876 529 939 offendamuS,
600 878 760 945 cujus
829 877 1197 929 offensionem
1269 877 1314 929 si
1389 875 1770 937 vitaverimuS,

170 960 510 1030 exploratam
563 962 631 1015 de
684 962 891 1016 nostris
943 961 1200 1017 hostibus
1260 961 1555 1016 victoriam
1611 961 1774 1016 nobis

168 1050 253 1101 illo
314 1048 560 1118 propitio
621 1048 967 1118 pollicemur.
1032 1051 1109 1103 Et
1170 1049 1439 1119 quoniam
1496 1049 1650 1102 Deus
1702 1048 1805 1117 ad„

170 1153 326 1189 suum
404 1135 736 1206 obsequium
812 1144 867 1189 et
942 1144 1303 1206 peccatorum
1375 1135 1566 1206 fugam
1637 1136 1775 1189 satis

168 1224 350 1279 auxilii
410 1224 605 1279 tribuit
667 1225 946 1288 omnibu5,
1008 1242 1300 1295 speramus
1365 1225 1481 1278 fore
1548 1234 1609 1280 ut
1675 1242 1777 1295 pro

168 1330 262 1365 sua
318 1310 666 1379 benignitate
723 1310 885 1364 nobis
941 1330 1054 1364 non
1106 1312 1363 1380 deneget.
1448 1310 1672 1381 Quippe
1723 1310 1777 1364 in

168 1415 228 1452 eo
282 1414 370 1451 res
419 1393 657 1452 vertitur
707 1406 894 1451 utrum
947 1406 1097 1451 recte
1149 1406 1375 1451 utamur
1429 1397 1635 1450 divinis
1686 1398 1778 1450 be-

172 1483 394 1538 neficiis,
475 1485 674 1553 Itaque
727 1502 932 1553 magna
997 1502 1101 1537 nos
1161 1502 1289 1553 spes
1354 1491 1528 1547 tenet,
1586 1484 1779 1538 Eccle-

175 1571 265 1625 siae
330 1570 527 1625 matris
585 1578 793 1625 nostrae
844 1571 1209 1642 ejusdemque
1263 1569 1474 1625 Christi
1538 1587 1780 1640 sponsae,

171 1674 234 1710 ac
285 1656 579 1725 speciatim
638 1664 843 1711 nostrae
906 1657 1208 1711 Societatis
1275 1658 1509 1726 ejusque
1569 1657 1780 1710 studio-

177 1761 361 1797 sorum
404 1760 599 1812 preces
635 1742 742 1796 hoc
780 1743 942 1796 nobis
979 1743 1395 1813 impetraturaS,
1440 1749 1501 1795 ut
1545 1742 1653 1795 Dei
1689 1742 1780 1795 be-

181 1828 390 1882 neficiis
431 1829 514 1882 uti
555 1846 657 1897 par
707 1837 792 1883 est
843 1830 915 1882 ad
968 1829 1215 1883 divinam
1261 1828 1496 1897 gloriam
1537 1835 1780 1883 utamur.

247 1913 390 1967 Illud
467 1934 570 1967 nos
646 1933 987 1984 magnopere
1062 1913 1323 1977 delectat,
1399 1913 1549 1982 quod
1628 1913 1783 1967 Deus

178 2002 345 2054 nostri
395 2002 611 2055 itineris
662 2001 954 2054 consilium
1001 2021 1067 2052 ac
1112 2000 1464 2070 propositum
1511 2000 1777 2062 intuetur,

176 2086 431 2156 videtque
490 2087 629 2141 nihil
689 2104 794 2141 nos
854 2095 1109 2157 spectare
1164 2087 1333 2151 aliud,
1386 2087 1493 2140 nisi
1545 2095 1607 2142 ut
1658 2088 1776 2141 ani-

178 2192 274 2229 mae
338 2176 409 2231 ad
476 2176 580 2231 Dei
646 2174 1068 2231 similitudinem
1132 2173 1343 2230 effectae
1404 2173 1774 2230 Conditorem

177 2271 479 2332 agnoscant
546 2281 727 2327 suum,
796 2263 957 2332 eique
1022 2262 1276 2315 divinum
1337 2262 1612 2316 honorem
1664 2262 1777 2316 cul·

178 2355 400 2421 tumque
459 2351 740 2415 tribuant3
794 2360 850 2405 et
913 2351 1080 2404 simul
1130 2359 1191 2404 ut
1251 2349 1572 2404 christianae
1633 2350 1779 2404 Reli-

177 2435 365 2502 gionisf
415 2439 556 2492 fines
616 2438 781 2508 longe
843 2437 1067 2507 lateque
1128 2436 1500 2506 proferantur.
1574 2438 1776 2507 Itaque

178 2538 280 2577 non
340 2524 665 2581 dubitamus
724 2525 857 2596 quin
918 2524 1134 2579 itineris
1195 2531 1543 2595 conatusque
1600 2524 1779 2579 nostri

179 2618 401 2666 eventus
463 2612 592 2667 felix
652 2612 924 2683 laetusque
987 2612 1059 2667 sit
1132 2610 1369 2666 futurus.
1448 2613 1578 2667 Duo
1644 2620 1777 2667 sunt

180 2709 293 2761 quae
338 2697 644 2751 maximam
690 2698 852 2752 nobis
897 2715 1055 2768 spem
1107 2698 1346 2751 afferunt
1401 2699 1628 2752 Satanae
1674 2698 1774 2752 im-

180 2783 493 2848 pedimenta
557 2785 991 2857 perrumpendi:
1059 2783 1311 2855 praeclari
1372 2783 1591 2836 consilii
1641 2803 1774 2837 con-

182 2868 422 2936 scientia,
487 2880 544 2928 et
595 2872 949 2942 providentia
999 2872 1204 2936 divina,
1258 2871 1418 2941 cujus
1469 2880 1609 2927 nutu
1662 2890 1775 2927 non

182 2948 426 3012 homines
479 2960 650 3014 modo
716 2965 1000 3029 reguntur,
1068 2958 1166 3012 sed
1234 2957 1405 3012 etiam
1466 2958 1774 3014 daemones.

185 3040 414 3101 Satanas
480 3051 704 3120 quippe,
776 3048 882 3101 nisi
952 3047 1101 3100 facta
1176 3066 1209 3097 a
1286 3047 1410 3098 Deo
1471 3053 1774 3116 potestate,

182 3127 315 3195 JObo
366 3135 666 3205 quicquam
734 3129 1057 3191 detrimenti
1123 3134 1324 3189 inferre
1391 3151 1505 3188 non
1571 3135 1774 3204 potuit.
