2639 3798
629 361 813 399 LIBER
853 362 926 399 IX.
948 378 1020 384 —
1041 362 1332 401 EPISTOLA
1370 363 1485 399 XVI.

687 575 1168 635 EPISTULA
1232 575 1427 636 XVI.

718 804 994 880 Jacobo
1051 803 1384 863 Pereriae.

311 1034 741 1087 Commemoratis
779 1034 1029 1102 beneficiis
1066 1035 1130 1086 ab
1168 1052 1222 1086 eo
1258 1035 1314 1086 in
1350 1035 1650 1098 secollatiS,
1679 1035 1865 1103 fausta

237 1120 415 1172 omnia
464 1120 550 1173 illi
600 1121 905 1190 adprecatur
955 1127 1000 1172 et
1045 1121 1299 1173 adsciscit.
1378 1123 1460 1173 De
1507 1121 1760 1191 legatione
1804 1123 1863 1174 in

237 1225 433 1260 amium
493 1211 868 1277 consequentem
919 1207 1192 1270 destinata,
1255 1226 1314 1261 ac
1370 1208 1429 1261 de
1474 1208 1730 1279 prasenti
1783 1214 1865 1279 spe

238 1294 525 1345 Cantonem
567 1299 662 1363 per
709 1293 889 1346 Siami
938 1312 1157 1362 regnum
1208 1293 1511 1362 appellendi.
1588 1294 1867 1346 Francisci

235 1378 478 1442 Pereirae,
531 1379 853 1448 aliorumque
905 1380 1042 1449 apud
1088 1380 1248 1433 Sinas
1300 1380 1652 1448 infortunium
1698 1378 1832 1431 dolet
1842 1399 1862 1440 ;

237 1470 473 1518 mutuum
510 1465 568 1518 in
604 1466 753 1519 Sinis
792 1471 1122 1536 conspectam,
1165 1466 1242 1519 vel
1280 1471 1406 1519 certe
1447 1466 1583 1519 latos
1624 1467 1683 1519 de
1718 1466 1866 1519 rebus

236 1552 342 1621 ejus
386 1552 593 1604 nuntios
637 1553 907 1604 desiderat.

250 1707 537 1850 OUOD
584 1712 655 1764 ad
701 1717 776 1773 te,
825 1711 1074 1774 domine,
1124 1727 1274 1764 nunc
1321 1711 1551 1779 quidem
1599 1711 1862 1774 scribam,

278 1835 378 1879 fid

430 1795 580 1848 aliud
624 1795 933 1849 admodum
979 1815 1094 1849 non
1138 1795 1320 1849 habeo
1364 1802 1569 1864 praeter
1611 1796 1862 1859 iterataS,

235 1894 308 1948 et,
364 1887 728 1954 quantumvis
783 1886 1245 1954 multiplicentur,
1302 1904 1595 1954 nunquam
1654 1882 1860 1936 exhau-

234 1979 419 2024 sturas
456 1972 800 2024 immensum
838 1972 1111 2034 debitum,
1152 1971 1532 2039 professiones
1571 1971 1716 2039 grati
1757 1972 1867 2023 mei

234 2076 365 2127 erga
422 2067 478 2112 te
537 2059 729 2122 animi,
784 2067 1015 2127 propter
1070 2059 1222 2112 nullo
1274 2060 1384 2112 fine
1437 2066 1535 2112 aut
1583 2060 1755 2113 modo
1808 2059 1864 2111 in

234 2146 354 2198 dies
386 2155 456 2213 ‘et
500 2147 668 2199 horas
715 2146 981 2214 singulas,
1030 2146 1372 2198 inundantes
1420 2146 1476 2197 in
1518 2164 1607 2198 me
1651 2146 1864 2214 gratias

233 2233 609 2287 humanitatis
667 2242 722 2286 et
779 2233 1073 2286 eharitatis
1129 2241 1262 2296 tuae,
1326 2251 1468 2302 quas
1533 2233 1867 2303 excogitasti

234 2323 521 2392 quomodo
567 2322 740 2376 etiam
788 2309 993 2376 absens
1045 2339 1348 2386 exercereS,
1395 2321 1607 2375 vicaria
1660 2321 1862 2375 seduli-

233 2420 351 2465 tate
412 2411 861 2464 ministrantium
919 2410 1075 2474 mihi,
1143 2418 1198 2462 et
1258 2408 1526 2479 praesenti
1588 2408 1862 2479 obsequio

233 2499 682 2562 inservientium,
733 2498 1096 2550 familiarium
1144 2507 1391 2550 tuorum.

307 2587 434 2637 Hos
480 2585 629 2641 inter
673 2584 929 2637 Thomas
974 2585 1308 2637 Scandelius
1353 2593 1689 2652 procurator
1727 2593 1859 2638 tuus

232 2678 394 2724 tanto
438 2689 632 2723 amore
674 2688 740 2722 ac
781 2670 1118 2722 liberalitate
1162 2670 1259 2721 dat
1304 2670 1442 2720 mihi
1484 2689 1859 2740 quaecumque

232 2764 383 2824 petO,
422 2765 482 2810 ut
518 2757 681 2810 facile
718 2765 990 2825 appareat
1027 2757 1321 2808 conscium
1358 2757 1461 2808 tibi
1494 2757 1858 2826 participem-

233 2860 340 2910 que
379 2861 502 2896 esse
543 2843 697 2896 illum
735 2843 1255 2895 benevolentissimi
1298 2861 1429 2911 erga
1470 2861 1561 2895 me
1600 2844 1855 2907 affectuS,

233 2947 343 2997 quo
390 2949 504 2983 non
549 2930 944 2999 paratissimus
991 2930 1162 2981 modo
1209 2948 1285 2992 eS,
1335 2931 1433 2982 sed
1477 2929 1652 2982 etiam
1695 2930 1854 2998 cupis

233 3033 298 3069 ac
338 3019 765 3085 quodammodo
804 3017 996 3086 gestiS,
1035 3018 1248 3070 donare
1289 3016 1428 3068 mihi
1469 3035 1693 3086 semper
1731 3015 1857 3091 plus

233 3120 402 3177 quam
450 3104 751 3181 postulem,
800 3113 855 3159 et
902 3103 1048 3159 ultra
1094 3121 1264 3174 quam
1313 3121 1530 3173 egeam.
