2639 3798
624 357 806 401 L1BER
845 354 1329 403 v1.——EP1sT0LA
1367 358 1420 403 v.
1729 355 1832 420 .47

217 500 397 556 nerint
449 500 704 569 gravium
757 500 1012 553 laborum
1065 499 1510 569 ancipitiumque
1555 499 1830 555 discrimi-

219 603 353 640 num
400 585 602 653 capitis
647 603 713 641 ac
757 586 907 650 vitae,
955 586 1205 655 qualium
1250 586 1431 640 aleam
1484 585 1597 638 fere
1648 585 1829 655 quoti-

213 672 298 726 die
338 670 527 740 jacere
573 670 783 741 negotii
830 671 982 741 quod
1034 679 1364 735 tractamuS,
1418 678 1473 724 et
1526 688 1711 725 rerum
1767 678 1828 724 ut

213 758 299 813 hic
350 773 410 810 se
474 757 684 812 habent
748 759 1002 813 conditio
1062 759 1286 827 subigit,
1355 758 1622 828 religione
1690 776 1822 827 qua-

213 846 339 898 dam
393 843 568 896 animi
620 852 946 914 tangantur,
1000 846 1160 914 quasi
1211 845 1549 898 temeritatis
1601 845 1658 896 in
1716 843 1824 896 hoc

212 929 371 999 culpa
428 930 831 994 consciscatur,
876 939 930 985 et
993 933 1143 1000 quod
1196 950 1369 985 sacrae
1448 930 1680 985 Litterae
1717 930 1822 983 .νί-

212 1024 470 1085 tuperant
528 1018 684 1071 Deus
732 1019 1156 1087 quodammodo
1204 1026 1470 1070 tentetur.
1512 1017 1624 1069 Sed
1673 1024 1823 1085 post-

213 1121 377 1172 quam
443 1103 513 1155 de
576 1122 634 1157 re
698 1111 820 1158 tota
884 1104 1127 1174 cogitavi
1191 1104 1445 1168 otiosius,
1512 1104 1673 1158 facile
1734 1121 1825 1157 me

210 1208 424 1255 revo00‚
483 1191 819 1262 deponoque
877 1199 1091 1245 metum
1149 1191 1319 1245 istum
1378 1209 1637 1254 omnem3
1692 1208 1821 1244 con-

210 1277 383 1330 fidens
443 1295 476 1331 a
534 1285 773 1347 paterna
837 1279 943 1334 Dei
1008 1279 1239 1334 Domini
1297 1280 1475 1333 nostri
1537 1297 1667 1350 erga
1721 1281 1820 1331 So-

211 1364 470 1417 cietatem
522 1364 878 1434 providentia
928 1365 1174 1420 suaviter
1221 1372 1583 1435 procuratum
1631 1365 1714 1429 iri,
1763 1373 1823 1420 ut

214 1451 443 1506 illustria
502 1452 716 1505 talenta
776 1453 1108 1505 eruditionis
1167 1461 1222 1504 et
1283 1451 1637 1521 eloquentiae,
1699 1470 1824 1519 quae

214 1537 300 1592 isti
362 1538 434 1592 ad
498 1538 842 1594 Societatem
905 1540 1214 1603 attulerint,
1269 1541 1347 1592 ita
1399 1540 1607 1592 nostris
1658 1538 1822 1591 disci-

212 1624 372 1694 plinis
427 1625 852 1695 domesticaque
904 1625 1259 1678 institutione
1310 1631 1714 1693 temperentur,
1764 1631 1823 1677 ut

212 1730 427 1779 semper
492 1712 550 1764 in
618 1720 902 1781 potestate
969 1712 1080 1766 sint
1148 1711 1320 1766 divini
1375 1710 1618 1781 Spiritus
1670 1710 1824 1781 ipsos

212 1799 287 1852 uti
339 1807 395 1852 et
448 1807 654 1853 caetera
706 1799 959 1853 membra
1012 1798 1314 1853 Societatis
1366 1797 1687 1853 animaturi.

279 1886 444 1955 Quod
504 1886 561 1939 ni
612 1887 790 1951 fieret,
846 1886 1084 1939 multum
1137 1886 1399 1956 equidem
1452 1886 1558 1938 illis
1610 1894 1820 1938 metue-

212 1989 340 2035 rem,
398 1990 502 2025 nec
552 1991 779 2041 possem
828 1973 1022 2026 animo
1067 1973 1484 2041 conquiescere,
1533 1965 1820 2041 objectum

212 2057 471 2110 continuo
549 2059 756 2111 mentis
840 2058 1015 2110 oculis
1092 2057 1490 2110 circumferens
1566 2058 1715 2125 quod
1788 2076 1821 2109 a

128 2144 130 2146 ’
209 2142 367 2196 beato
422 2145 588 2197 Patre
641 2151 836 2197 nostro
891 2143 1113 2213 Ignatio
1180 2144 1424 2196 audiisse
1477 2161 1567 2194 me
1636 2161 1817 2197 recor-

210 2229 331 2283 dor:
386 2249 550 2284 veros
613 2230 913 2284 Societatis
971 2232 1107 2301 Jesu
1160 2230 1303 2281 filios
1356 2229 1594 2282 multum
1648 2229 1705 2281 in
1751 2249 1818 2282 eo

211 2315 582 2370 contentionis
639 2334 850 2385 ponere
907 2317 1128 2380 debere,
1189 2324 1248 2368 ut
1301 2316 1516 2385 seipsos
1567 2316 1817 2379 vincant,

211 2401 513 2471 modosque
589 2402 877 2471 exquirere
955 2401 1273 2456 excutiendi
1344 2420 1376 2455 a
1446 2419 1505 2455 se
1574 2408 1817 2456 terrores

211 2484 689 2544 formidolosarum
752 2508 956 2553 rerum,
1019 2488 1113 2558 qui
1175 2487 1434 2542 homines
1500 2488 1815 2558 impediunt

210 2590 239 2624 a
287 2577 683 2630 constituenda
735 2577 792 2630 in
846 2579 970 2629 Deo
1021 2575 1188 2645 plena
1242 2595 1340 2645 spe
1391 2594 1458 2629 ac
1508 2583 1631 2630 tota
1675 2577 1815 2630 fidu-

210 2659 305 2714 cia.
383 2664 512 2718 Etsi
582 2665 731 2718 enim
801 2656 929 2717 viva
995 2664 1134 2721 fide-s
1204 2682 1270 2716 ac
1340 2682 1468 2733 spes
1535 2663 1815 2732 ejusmodi

149 2810 157 2820 ·
208 2750 506 2813 gratuitum
561 2751 668 2804 Dei
720 2752 933 2804 donum
986 2760 1089 2813 est,
1116 2737 1293 2819 ⁴'quod
1347 2750 1436 2803 ille
1481 2751 1685 2819 quibus
1729 2759 1815 2804 est

210 2831 307 2900 ipsi
369 2838 590 2891 libitum
669 2838 894 2899 tribuit;
974 2846 1187 2891 tamen,
1245 2836 1573 2905 plerumque
1636 2837 1693 2891 id
1754 2837 1814 2891 il-

126 2982 128 2984 ,
208 2917 269 2974 lis
336 2923 585 2995 indulget
666 2926 761 2996 qui
840 2925 944 2978 sibi
1023 2924 1225 2978 acriter
1297 2924 1432 2993 ipsis
1513 2923 1813 2993 imperant,

210 3007 450 3081 nihilque
509 3013 782 3069 omittunt
835 3031 945 3083 quo
995 3012 1214 3082 possint
1266 3012 1535 3082 consequi
1586 3012 1812 3082 plenam

208 3094 499 3154 affectuum
575 3100 828 3155 omnium
905 3116 1133 3153 suorum
1211 3098 1619 3168 subjectionem
1649 3132 1692 3162 ‚,
1745 3117 1813 3153 ex
