2649 3754
71 2476 96 2491 l.

69 2532 99 2540 ,,

69 2563 101 2598 ῇ,;

72 2654 102 2703 τῖὲ

78 2725 103 2753 ,ὲ

76 2818 104 2851 ᾉΞ

76 2851 105 2894 ‘jz‘

81 2895 105 2926 „i

79 2941 105 2974 Ji

78 2977 105 3001 λ

79 3002 106 3024 :³

80 3052 105 3072 ,ἐ

81 3106 108 3173 ἓ

105 3195 109 3200 ι

84 3225 91 3233 ,

91 3313 94 3323 Ι

598 455 701 507 218
979 471 1161 508 LIBER
1203 474 1736 510 V111.——EPISTOLA
1778 473 1854 510 VI.

670 610 870 662 Gratia
930 619 983 663 et
1044 630 1205 662 amor
1264 611 1479 664 Christi
1548 612 1780 664 Domini
1842 613 2020 664 nostri
2080 612 2230 664 adsit

595 715 820 764 semper
864 699 1028 749 nobis
1072 699 1279 749 auxilio
1324 708 1377 750 et
1422 699 1630 750 favore.
1712 701 1912 750 Amen.

600 868 813 1009 ΞΟΠ
864 874 1019 924 Deus
1070 873 1353 925 Dominus
1403 881 1594 925 noster
1641 881 1857 940 quanto
1904 873 2128 925 mallem
2174 882 2231 926 te

749 958 956 1027 alloqui
1022 970 1381 1027 praesentem,
1450 980 1621 1028 quam
1675 961 1896 1012 absenti
1963 961 2225 1012 scribere.

594 1047 843 1096 Plurima
890 1048 1097 1114 quippe
1147 1059 1277 1097 sunt
1323 1067 1449 1115 quae
1493 1048 1666 1097 verbo
1710 1066 1904 1097 coram
1951 1048 2131 1099 multo
2175 1057 2230 1099 et

591 1134 816 1183 brevius
845 1142 899 1184 et
930 1135 1213 1184 efficacius
1245 1135 1657 1201 transiguntur,
1690 1151 1861 1201 quam
1891 1134 2046 1185 lento
2075 1142 2130 1185 et
2159 1136 2230 1186 ad

591 1219 779 1269 subita
829 1220 1229 1285 exceptionum
1287 1228 1447 1270 muto
1489 1221 1834 1270 commercio
1891 1220 2228 1272 litterarum.

659 1304 815 1372 Juvit
870 1305 1099 1371 quidem
1155 1305 1349 1356 audire
1403 1325 1434 1356 a
1488 1324 1685 1356 recens
1738 1306 1905 1357 istinc
1957 1306 2229 1373 profectis

588 1409 713 1458 quae
762 1392 831 1442 de
879 1402 934 1442 te
981 1391 1256 1452 referunt3
1319 1394 1417 1443 sed
1465 1393 1759 1461 aliquanto
1811 1394 1937 1461 plus
1985 1394 2225 1461 juvisset

587 1478 843 1545 accipere
898 1479 968 1529 ab
1032 1479 1232 1529 iisdem
1295 1478 1595 1545 epistolam
1650 1497 1682 1530 a
1737 1487 1793 1530 te
1848 1480 2061 1541 datam,
2118 1498 2229 1548 qua

586 1564 866 1616 rationem
922 1566 1187 1617 redderes
1240 1564 1457 1617 fructus
1511 1584 1678 1633 quem
1735 1566 1861 1618 istic
1915 1566 2076 1629 faciS,¹
2129 1575 2226 1620 aut

587 1658 647 1703 ut
702 1652 1036 1719 castigatius
1094 1651 1309 1720 loquar,
1375 1670 1543 1719 quem
1598 1670 1697 1720 per
1749 1661 1804 1704 te
1860 1653 2017 1705 Deus
2070 1652 2223 1716 facit,

585 1757 870 1805 quemque
923 1739 1132 1790 faceret
1182 1740 1225 1789 si
1275 1740 1413 1790 satis
1466 1748 1659 1805 posset
1707 1740 1809 1790 tibi
1864 1741 2064 1800 fidere;
2127 1742 2226 1792 sed

584 1825 849 1877 omittere
904 1826 1124 1894 cogitur
1175 1835 1407 1894 propter
1472 1826 1768 1878 obstacula
1820 1827 2115 1895 culparum
2170 1836 2224 1881 et

585 1913 909 1965 defectuum
941 1921 1187 1976 tuorum,
1238 1931 1364 1981 quae
1394 1913 1570 1980 ipsius
1610 1913 1904 1965 desideriis
1952 1914 2223 1981 opponis;

584 1999 706 2053 haec
755 2018 958 2068 nempe
1020 2000 1340 2068 impediunt
1401 2019 1470 2053 ne
1527 2018 1627 2067 per
1670 2007 1725 2052 te
1771 2018 1830 2052 se
1876 1999 2222 2054 manifestet.

584 2088 763 2155 Cujus
829 2087 1226 2154 impedimenti
1292 2106 1561 2138 accusare
1621 2095 1677 2137 te
1740 2086 1924 2154 ipsum
1991 2088 2218 2139 assidue

583 2175 836 2234 deberes,
893 2175 1195 2241 dolereque
1262 2192 1389 2224 cum
1438 2169 1687 2240 ‘pudore
1741 2191 1806 2224 ac
1859 2174 2220 2246 poenitentia,

582 2262 734 2329 quod
788 2261 926 2312 vitio
973 2269 1072 2312 tuo
1120 2278 1235 2311 non
1285 2261 1361 2311 sis
1407 2269 1606 2327 aptum
1655 2261 1711 2310 in
1761 2259 1867 2310 Dei
1918 2276 2089 2311 manu
2139 2260 2217 2311 in-

581 2332 965 2400 strumentum
1020 2348 1091 2399 ad
1148 2365 1357 2414 magna
1410 2354 1463 2398 et
1518 2346 1789 2413 praeclara
1844 2364 1969 2414 quae
2029 2355 2221 2413 parat;

581 2434 794 2487 damno
838 2434 1053 2503 ingenti
1091 2441 1145 2485 et
1192 2434 1285 2486 uni
1330 2433 1430 2486 tibi
1476 2432 1814 2501 imputabili‚
1862 2440 1983 2485 tum
2026 2433 2219 2502 gloriae

583 2523 815 2589 majoris
856 2525 926 2573 ad
970 2523 1173 2589 ipsum,
1219 2523 1274 2573 ni
1314 2541 1414 2589 per
1441 2531 1497 2573 te
1532 2530 1726 2582 staret,
1771 2522 2055 2583 rediturae,
2098 2531 2221 2573 tum

582 2609 761 2660 multo
806 2609 1080 2659 uberioris
1110 2609 1364 2659 exstituri
1397 2608 1613 2663 fructus
1657 2608 1978 2658 animarum
2018 2608 2223 2676 quibus

580 2697 847 2746 curandis
902 2713 1088 2756 vacas,
1159 2697 1213 2745 in
1263 2713 1404 2762 quas
1453 2713 1485 2744 o
1533 2703 1747 2761 quanta
1806 2695 1910 2745 Dei
1967 2696 2118 2745 dona
2166 2703 2221 2746 et

579 2783 842 2835 coelestes
909 2782 1127 2834 favores
1195 2782 1503 2850 intercipis,
1561 2800 1627 2833 eo
1687 2781 1807 2833 solo
1874 2783 2026 2849 quod
2094 2782 2223 2834 talis

578 2887 694 2921 non
739 2889 798 2922 es
843 2870 1066 2938 qualem
1113 2888 1235 2921 esse
1278 2887 1381 2936 par
1424 2869 1631 2921 fuerat!
1694 2871 1883 2936 Quare
1930 2878 2219 2920 memento

578 2955 817 3009 sollicite
877 2965 1066 3009 tecum
1134 2963 1396 3022 reputare
1463 2973 1634 3022 quam
1697 2973 1890 3005 severe
1958 2953 2104 3006 ratio
2165 2953 2222 3005 in

577 3064 844 3112 supremo
880 3043 1096 3112 judicio
1138 3043 1449 3111 repetenda
1490 3042 1561 3093 sit
1592 3062 1623 3092 a
1651 3051 1707 3094 te
1746 3041 2048 3104 bonorum,
2093 3060 2219 3109 quae

581 3134 736 3184 Deus
779 3133 896 3183 fieri
944 3133 1107 3183 vellet
1137 3139 1192 3182 et
1223 3130 1408 3182 facere
1451 3139 1686 3198 paratus
1732 3139 1835 3191 est,
1897 3131 1994 3181 sed
2041 3148 2106 3181 ea
2152 3147 2221 3181 ne

577 3219 748 3276 faciat
792 3227 852 3272 tu
901 3218 1160 3290 impedis.
