2639 3798
649 354 833 393 LIBER
872 355 951 393 VI.
973 370 1046 378 -—
1066 356 1361 396 EPISTOLA
1401 360 1439 395 1.
1830 362 1868 414 5

0 481 41 535 ὦ.

230 490 581 544 noscendum
631 507 793 543 suam
849 491 1274 544 sanctissimam
1322 491 1706 553 voluntatem3
1758 491 1854 543 ad-

230 580 437 646 datque
511 575 755 645 gratiam
828 574 1081 645 perfecte
1158 575 1472 646 exequendi
1549 593 1676 645 quae
1747 576 1854 645 ipsi

229 666 446 735 placere
499 664 750 718 noveris:
806 665 886 718 sic
937 682 1168 733 prorsus
1220 673 1281 717 ut
1335 663 1535 718 fecisse
1580 664 1858 733 gauderes

229 754 284 804 in
348 757 642 802 momento
707 750 908 804 mortis
970 758 1103 814 tuae,
1170 750 1401 820 quando
1453 749 1670 804 sisteris
1699 738 1857 804 vante

232 836 333 892 Dei
390 836 639 890 tribunal
700 837 1023 891 redditurus
1079 836 1363 892 rationem
1416 836 1674 891 omnium
1727 854 1853 907 quae

227 940 322 995 per
372 924 695 976 universam
749 924 926 978 vitam
980 925 1162 994 egisti.
1241 924 1628 976 Vehementer
1678 924 1852 976 etiam

226 1019 392 1080 atque
456 1009 628 1064 etiam
708 1012 945 1065 obsecro
1009 1019 1083 1075 te,
1136 1012 1400 1074 domine,
1475 1029 1547 1063 ne
1616 1010 1854 1080 pigreris

222 1098 337 1167 jam
401 1114 552 1149 nunc
616 1114 934 1165 praeparare
999 1098 1057 1150 in
1122 1098 1257 1150 illud
1322 1097 1585 1150 ultimum
1637 1097 1853 1166 pericu-

226 1185 336 1236 lum
383 1183 682 1235 decretorii
729 1183 1007 1236 momenti
1055 1182 1332 1252 quidquid
1378 1182 1630 1251 expediri
1678 1183 1851 1237 modo

225 1288 288 1323 ac
347 1269 607 1338 praeverti
661 1277 868 1338 potest.
951 1270 1185 1323 Morbus
1238 1269 1391 1322 enim
1444 1286 1745 1338 supremus
1796 1278 1852 1323 et

226 1356 419 1410 mortis
480 1356 795 1425 ingruentis
857 1356 1083 1420 vicinia,
1139 1355 1218 1410 ita
1273 1362 1525 1409 mentem
1579 1355 1850 1426 languen-

224 1444 292 1498 tis
353 1443 410 1496 in
475 1460 751 1512 angorum
819 1443 1212 1513 dolorumque,
1267 1442 1362 1512 qui
1415 1442 1643 1511 plurimi
1695 1461 1849 1496 acer-

224 1530 548 1599 bissimique
613 1538 749 1584 tunc
814 1529 1074 1594 saeviunt,
1137 1529 1407 1599 praesenti
1459 1547 1629 1584 sensu
1683 1530 1848 1584 mise·-

224 1636 339 1670 ram
391 1617 605 1687 defigit,
660 1627 719 1669 ut
772 1616 849 1668 illi
902 1636 1263 1686 nequaquam
1315 1624 1479 1671 vacet
1525 1617 1650 1671 aliis
1696 1618 1847 1673 curis

223 1711 314 1758 aut
384 1705 827 1774 cogitationibus
897 1706 1209 1769 attendere,
1290 1723 1461 1775 quam
1539 1724 1681 1775 quas
1757 1704 1851 1757 illa

222 1791 498 1844 horribilis
550 1809 723 1844 scena
773 1808 960 1843 rerum
1013 1791 1207 1844 animo
1260 1808 1384 1844 sese
1436 1799 1560 1845 tum
1600 1792 1848 1862 primurn

222 1878 507 1948 objicien5‚
560 1878 918 1933 tristissimas
970 1886 1026 1931 et
1079 1878 1354 1931 inut1liter
1398 1878 1721 1932 cruciantes
1767 1878 1848 1931 in-

222 1965 375 2030 cutit,
442 1983 683 2035 quarum
747 1964 1053 2020 informare
1118 1965 1367 2035 speciem
1433 1983 1605 2020 nemo
1656 1974 1848 2037 potest

223 2053 313 2122 qui
364 2072 478 2106 non
532 2053 605 2106 sit
658 2061 939 2122 expertus.

0 578 33 883 0752*

292 2201 544 2265 Malacae,
624 2202 714 2254 die
783 2202 958 2253 Festo
1026 2200 1297 2270 Corporis
1366 2199 1600 2263 Christi,
1674 2202 1846 2252 Anno

227 2286 560 2341 MDXLIX.

363 2437 683 2505 Majestatis
734 2445 848 2488 tuae
902 2454 1095 2486 servus
1149 2434 1385 2488 inutilis.

1374 2584 1774 2635 FRANCISCUS.
