2639 3798
637 355 820 391 Lmen
857 358 1343 395 VL-—EPISTOLA
1384 354 1446 394 11.
1794 358 1854 397 11
1911 342 1914 344 Α

231 503 335 558 pus
399 490 471 542 ad
535 489 592 542 id
656 505 770 540 non
849 492 1213 554 occurrerint,
1283 491 1667 559 imponantur·
1707 495 1859 540 certe

231 573 397 643 regiae
443 573 618 629 celoci
664 575 972 630 Ternatem
1014 579 1189 647 Aprili
1231 594 1427 631 mense
1467 577 1856 638 destinandae3

231 680 340 732 qua
378 660 552 713 etiam
592 661 915 714 occasione„
932 682 1045 715 non
1083 662 1536 731 praetermittetis
1567 662 1855 716 Molucen-

231 763 319 801 ses
365 755 591 800 nostros
636 748 748 800 late
794 749 863 801 de
909 751 1172 802 omnibus
1218 769 1345 819 quae
1408 749 1465 800 in
1521 742 1756 816 Europa
1801 754 1858 800 et

230 851 328 902 per
368 832 562 895 Indias
603 835 991 887 memorabilia
1024 844 1311 903 geruntur,
1344 836 1615 888 certiores
1651 834 1856 886 facere.

301 919 590 970 Caeterum
655 935 796 985 quas
860 919 917 971 in
981 919 1248 973 fasciculo
1314 923 1729 987 Europaearum
1784 921 1856 971 ad

229 1022 317 1057 me
380 1004 694 1057 litterarum
722 1017 724 1019 ’
756 1005 1188 1060 observaveritis
1254 1005 1435 1075 sigillo
1501 1005 1657 1074 regio
1722 1004 1855 1059 insi—

228 1106 381 1158 gneS,
426 1090 495 1143 de
546 1090 652 1143 illis
705 1091 813 1144 hoc
865 1092 1222 1160 peculiariter
1274 1093 1513 1145 mando:
1570 1092 1856 1161 resignate

227 1176 565 1245 exemplaria
608 1196 800 1230 earum
845 1197 970 1247 quae
1013 1178 1194 1247 prima
1236 1179 1326 1233 via
1370 1178 1630 1233 venerint
1677 1185 1733 1232 et
1779 1177 1853 1231 le-

228 1264 357 1331 gite,
404 1271 526 1316 tum
574 1265 632 1314 in
679 1263 889 1316 fascem
937 1265 1139 1317 iterum
1193 1273 1495 1334 compacta
1551 1265 1852 1327 Malacam,

227 1355 285 1402 ut
327 1346 543 1401 dictum
588 1356 691 1412 est,
736 1348 965 1402 mittite.
1044 1351 1160 1403 Cur
1202 1351 1305 1403 has
1346 1351 1565 1403 litteras
1607 1351 1775 1403 velim
1821 1369 1854 1402 a

227 1435 398 1497 vobiS,
444 1437 612 1487 Pater
657 1436 828 1487 Paule
874 1444 929 1488 et
987 1438 1155 1490 Pater
1209 1437 1441 1500 Antoni,
1490 1436 1739 1505 praelegi,
1788 1456 1855 1490 ea

226 1539 392 1574 causa
439 1530 542 1585 est,
591 1523 742 1590 quod
797 1522 1147 1575 mentionem
1194 1524 1251 1575 in
1298 1523 1365 1575 iis
1411 1522 1658 1577 futuram
1707 1523 1852 1576 arbi-

224 1620 341 1664 tror
411 1610 650 1662 duorum
726 1609 1100 1678 negotiorum,
1175 1611 1247 1662 ad
1313 1628 1555 1679 quorum
1620 1610 1850 1678 plenam

225 1698 660 1765 expeditionem,
709 1715 799 1749 me
845 1699 1097 1760 absente,
1146 1707 1334 1749 vestra
1380 1698 1485 1749 erit
1532 1716 1707 1764 opera
1756 1715 1851 1749 ne-

225 1782 492 1834 cessaria:

296 1869 506 1938 Scripsi
558 1888 663 1938 ego
710 1870 923 1921 dudum
972 1870 1042 1921 ad
1089 1887 1278 1937 regem
1327 1869 1396 1921 de
1443 1868 1678 1921 domina
1733 1869 1849 1921 Isa-

224 1956 365 2008 bella
426 1957 560 2007 olim
614 1957 806 2024 regina
862 1957 1214 2007 Molucarum
1273 1955 1406 2017 (fuit
1460 1955 1612 2006 enim
1668 1963 1852 2007 mater

224 2043 341 2112 ejus
402 2045 496 2113 qui
552 2051 685 2096 ante
737 2061 925 2111 regem
979 2042 1315 2093 hodiernum
1370 2040 1481 2092 illic
1533 2040 1847 2108 regnavit);

224 2148 346 2198 quae
401 2138 680 2194 matrona,
736 2146 864 2183 meo
924 2147 1054 2183 cum
1120 2129 1194 2180 ibi
1258 2146 1444 2180 essem
1511 2126 1847 2189 ministeri0‚

224 2216 589 2269 christianam
644 2217 892 2285 suscepit
945 2215 1292 2283 religionem.

295 2307 506 2375 Scripsi
549 2306 762 2375 pariter
804 2307 872 2356 de
918 2304 1254 2355 Balthasare
1313 2301 1526 2354 Velozo
1570 2301 1724 2354 affini
1768 2301 1847 2354 in-

222 2392 361 2447 timo
413 2393 559 2460 regis
614 2392 957 2446 Molucensis
1013 2391 1212 2456 (habet
1255 2391 1579 2458 enimejus
1625 2391 1684 2440 in
1732 2408 1848 2440 ma-

221 2482 486 2535 trimonio
538 2483 842 2543 sororem),
901 2477 1133 2531 homine
1180 2485 1390 2530 nostrae
1440 2476 1745 2529 Societatis
1791 2486 1847 2528 a·

225 2569 597 2632 mantissimo,
639 2576 694 2621 et
735 2568 830 2637 qui
869 2566 1273 2635 promovendae
1323 2561 1679 2628 conversioni
1727 2561 1846 2613 eth-

223 2654 474 2708 nicorum
523 2656 595 2707 ad
644 2654 955 2714 Christum,
1004 2669 1234 2720 operam
1280 2650 1697 2704 studiosissime
1741 2650 1847 2702 uti·

222 2740 493 2796 lissimam
548 2751 737 2795 navat.

295 2829 380 2882 De
456 2829 543 2883 his
609 2829 891 2898 capitibus
956 2829 1176 2880 duobus
1240 2817 1645 2893 responsurum
1708 2822 1847 2872 mihi

223 2932 426 2986 regem,
480 2936 584 2988 pro
637 2926 843 2968 caetera
888 2915 1010 2983 ejus
1055 2912 1427 2980 benignitate,
1479 2927 1705 2978 sperare
1753 2910 1846 2962 de·

223 3002 350 3066 be0;
419 3006 552 3074 quin
608 3006 781 3059 etiam
835 3003 1212 3058 verisimiliter
1264 3008 1534 3071 exspecto
1582 2997 1848 3067 quaedam

224 3093 370 3159 regia
428 3093 759 3162 diplomata,
806 3111 931 3158 quae
976 3089 1099 3141 istis
1143 3089 1419 3141 ambabus
1461 3089 1530 3141 de
1577 3086 1849 3152 religione
