2712 3754
150 3459 158 3502 aa>-
150 3427 153 3430 .
151 3383 153 3386 —
157 3291 161 3296 ,

733 360 803 427 84
1145 373 1329 413 LIBER
1367 374 1881 416 V11.—-EPISTOLA
1922 376 1959 413 1.

732 516 965 578 propter
1016 509 1281 565 affectam
1348 520 1578 566 aetatem
1648 513 1794 582 (jam
1859 512 2013 565 enim
2069 519 2155 564 est
2212 518 2366 564 octo-

734 595 1029 666 genarius)
1081 614 1283 653 omnes
1325 599 1631 654 observant
1678 605 1849 668 atque
1893 595 2230 666 suspiciunt.
2311 595 2368 648 Is

732 683 884 751 apud
925 700 1022 737 eos
1061 683 1242 739 instar
1281 684 1534 756 episcopi
1575 695 1680 751 est,
1710 696 1766 739 et
1793 687 1995 739 Ninxit
2038 686 2366 756 (Nenjitsu)‚

731 773 885 843 quod
924 775 1302 845 Japoniorum
1357 774 1548 843 lingua
1605 774 1888 845 significat
1946 775 2056 828 Cor
2112 772 2381 835 veritatiS‚·

733 859 1069 930 appellatur.
1150 861 1309 914 Felix
1360 861 1545 929 plane,
1601 863 1647 915 si
1700 862 1809 915 hoc
1862 880 2073 915 nomen
2126 861 2185 914 in
2238 878 2367 913 eum

735 948 1060 1018 quadraret.
1142 950 1315 1002 Hunc
1373 967 1477 1018 ego
1524 949 1581 1002 in
1628 949 1987 1003 sermonibus
2049 966 2192 1018 quos
2238 964 2367 1000 cum

732 1035 827 1088 illo
887 1034 1163 1104 plurimos
1223 1035 1414 1099 habui,
1477 1043 1778 1089 nutantem
1846 1043 2018 1105 atque
2082 1034 2365 1088 incertum

731 1122 962 1177 offendi.
1043 1124 1252 1178 Utrum
1299 1123 1525 1177 animus
1571 1133 1764 1178 noster
1809 1123 2150 1178 immortalis
2193 1131 2361 1185 esset,

729 1229 804 1264 an
844 1210 1013 1264 simul
1054 1229 1182 1265 cum
1224 1227 1460 1282 corpore
1508 1212 1785 1276 interiret,
1827 1230 2012 1281 neque
2063 1210 2216 1266 enim
2258 1209 2364 1264 sibi

731 1298 1061 1360 constabat;
1123 1298 1221 1351 sed
1267 1305 1389 1352 tum
1437 1297 1643 1362 aiebat,
1691 1306 1814 1352 tum
1862 1298 2127 1367 negabat.
2217 1297 2367 1350 Male

731 1393 927 1439 metuo
969 1404 1039 1438 ne
1081 1383 1250 1455 hujus
1294 1386 1482 1438 caeteri
1528 1386 1741 1439 similes
1783 1387 1897 1440 sint
1940 1386 2194 1440 litterati.
2276 1388 2367 1438 In·

729 1471 997 1525 credibile
1052 1479 1136 1525 est
1209 1490 1380 1540 quam
1436 1472 1482 1524 is
1536 1490 1626 1525 me
1682 1472 1846 1525 unice
1899 1472 2116 1541 diligat,
2177 1471 2367 1540 vulgo-

728 1577 838 1628 que
883 1576 1104 1623 omneS,
1151 1566 1274 1611 tum
1321 1559 1509 1611 bonzii
1555 1568 1679 1613 tum
1731 1559 1843 1623 alii,
1893 1566 2090 1612 nostra
2133 1575 2367 1612 consue·

728 1646 932 1699 tudine
961 1646 1320 1699 delectantur
1346 1644 1673 1713 plurimum.

804 1731 950 1785 Illud
993 1738 1186 1785 autem
1231 1730 1477 1783 maxime
1521 1731 1817 1795 mirantur,
1863 1749 1967 1783 nos
2010 1730 2142 1783 inde
2188 1750 2366 1801 usque

729 1840 759 1872 e
815 1819 1116 1872 Lusitania
1167 1819 1225 1870 in
1278 1818 1587 1890 Japoniam
1647 1819 1830 1887 (quod
1884 1819 1991 1871 iter
2042 1826 2126 1872 est
2185 1819 2368 1872 leuca-

727 1925 855 1959 rum
929 1906 1173 1974 amplius
1251 1924 1349 1958 sex
1426 1905 1701 1968 millium)
1784 1892 2150 1958 contendisse
2221 1904 2369 1959 hanc

728 2011 904 2045 unam
951 1993 1023 2044 ob
1086 2010 1337 2053 causam,
1387 2000 1447 2043 ut
1510 2009 1637 2042 cum
1703 1991 1783 2042 eis
1843 1993 1912 2042 de
1970 1992 2138 2043 rebus
2179 2010 2368 2059 agere-

729 2097 857 2131 mus
908 2078 1132 2140 divinis,
1202 2087 1257 2130 et
1327 2078 1544 2130 Christi
1607 2079 1718 2131 fide
1769 2078 2082 2145 proposita,
2137 2084 2364 2130 aeternae

729 2163 931 2218 salutis
957 2164 1066 2217 iter
1092 2163 1413 2216 errantibus
1460 2172 1926 2215 monstraremus.
2005 2164 2193 2232 Atque
2221 2162 2369 2216 hanc

727 2250 894 2304 nobis
965 2258 1216 2303 mentem
1296 2249 1567 2302 divinitus
1644 2248 1902 2317 profecto
1970 2249 2164 2302 datam
2247 2268 2370 2301 esse

732 2336 1069 2406 praedicant.

805 2427 1003 2480 Unum
1063 2432 1148 2477 est
1209 2425 1361 2492 quod
1420 2424 1562 2476 scire
1621 2442 1722 2476 vos
1785 2423 2154 2476 vehementer
2216 2424 2366 2486 vo10,

728 2518 789 2563 ut
832 2509 1098 2577 ingentes
1144 2510 1269 2561 Deo
1311 2509 1524 2577 gratias
1568 2511 1768 2578 agatis,
1815 2511 1965 2562 hanc
2009 2510 2254 2562 insulam
2297 2499 2406 2562 ad⁰

727 2596 1126 2667 excipiendum
1195 2597 1570 2666 Evangelium
1630 2597 1770 2652 satis
1826 2597 2094 2651 idoneam
2148 2615 2215 2651 ac
2268 2615 2365 2667 pa-

729 2693 915 2738 ratam
956 2702 1097 2736 esse,
1177 2686 1260 2736 Ac
1295 2684 1339 2736 si
1382 2702 1488 2736 nos
1527 2684 1781 2753 linguam
1823 2684 2157 2737 calleremus
2195 2686 2369 2755 Japo-

730 2771 937 2834 nicam,
1008 2789 1124 2823 non
1180 2771 1379 2824 dubito
1460 2771 1597 2841 quin
1663 2771 1890 2841 plurimi
1970 2772 2172 2825 fierent
2225 2771 2368 2825 chri-

731 2859 922 2913 stiani.
1005 2860 1172 2912 Faxit
1224 2860 1382 2913 Deus
1409 2867 1470 2912 ut
1500 2874 1625 2912 eam
1671 2859 1824 2912 brevi
1869 2856 2252 2922 addiscamUS,
2300 2860 2370 2910 si-

734 2944 967 3014 quidem
1028 2945 1372 3013 jamdudum
1438 2953 1667 3014 gustare
1720 2945 2018 3015 coepimus.
2117 2945 2372 3015 Quadra-

731 3032 892 3101 ginta
945 3030 1144 3085 diebus
1206 3031 1462 3096 (favente
1517 3033 1672 3096 Deo)
1727 3040 1953 3086 tantum
2007 3031 2369 3102 profecimuS,

736 3126 797 3171 ut
838 3119 958 3187 jam
1010 3119 1206 3171 decem
1259 3120 1553 3188 Praecepta
1589 3119 1859 3187 japonice
1902 3119 2267 3187 explicemus,
