2639 3798
736 488 918 528 LIBER
955 487 1057 529 vn.
1078 502 1150 511 —
1170 486 1461 527 EPISTOLA
1501 486 1538 526 1.
1877 488 1946 541 77

336 643 616 698 quaquam
680 643 782 678 suo
847 625 1145 679 Conditori
1197 625 1508 690 confidunt,
1563 643 1745 696 neque
1802 625 1950 679 vires

337 715 405 768 ab
471 730 540 765 eo
606 720 836 765 sumunt
889 712 1046 776 ullaS,
1116 731 1297 781 neque
1348 731 1509 765 suam
1561 711 1619 765 in
1672 724 1740 766 eo
1791 729 1950 782 spem

339 806 635 871 reponunt.
716 801 859 854 Haec
922 798 1098 869 pestis
1154 799 1549 864 (timiditatem
1602 798 1761 863 dico)
1815 799 1949 853 facit

339 897 398 943 ut
438 886 756 956 complures
793 905 1006 952 eorum,
1035 887 1130 957 qui
1159 889 1283 940 Deo
1325 888 1593 940 inservire
1635 893 1948 956 coeperunt,

341 981 603 1029 moestam
640 992 708 1028 ac
734 974 1032 1028 sollicitam
1073 974 1248 1027 vitam
1291 976 1499 1043 degant
1513 992 1526 1036 3
1568 974 1777 1044 quippe
1819 994 1948 1028 cum

338 1082 502 1119 suave
554 1063 768 1118 Christi
808 1065 1007 1133 jugum
1053 1072 1108 1116 et
1154 1082 1379 1117 crucem
1426 1064 1691 1127 ferenteS,
1740 1082 1948 1134 nequa-

338 1170 503 1222 quam
556 1149 775 1205 fortiter
824 1158 1263 1221 constanterque
1323 1150 1776 1221 progrediantur.
1851 1151 1947 1204 At-

338 1257 441 1310 que
504 1237 611 1291 hoc
673 1245 897 1291 tantum
960 1246 1079 1292 tam
1154 1237 1374 1290 exitiale
1437 1255 1504 1290 ac
1566 1237 1948 1306 perniciosum

340 1325 546 1379 malum
597 1325 757 1379 affert
807 1325 1103 1389 timiditas,
1156 1332 1218 1378 ut
1270 1343 1399 1378 cum
1451 1332 1564 1379 tuae
1617 1325 1722 1379 niti
1773 1325 1947 1379 imbe-

339 1411 552 1465 cillitati
594 1411 850 1480 coeperiS,
879 1412 973 1465 ubi
1010 1412 1319 1479 majoribus
1361 1411 1571 1464 viribus
1614 1430 1757 1480 opus
1799 1420 1948 1475 esset

337 1497 722 1566 praesidiisque
772 1498 938 1566 plane
990 1498 1213 1559 diviniS,
1266 1499 1437 1549 cadas
1488 1498 1682 1550 animo
1728 1498 1949 1567 magnis

340 1583 395 1635 in
436 1584 619 1646 rebuS‚
663 1584 966 1651 quominus
1008 1584 1151 1637 bene
1193 1583 1370 1636 utaris
1414 1583 1630 1636 coelesti
1673 1601 1781 1652 ope
1822 1601 1949 1652 quae

337 1678 392 1724 te
418 1671 488 1723 ad
514 1671 658 1724 bene
685 1671 1025 1739 sperandum
1052 1677 1238 1723 vocat.

407 1756 665 1809 Audaces
704 1774 837 1810 vero
878 1757 973 1825 qui
1014 1757 1221 1810 fiducia
1262 1756 1348 1809 sui
1389 1756 1606 1809 inducti
1633 1756 1760 1825 plus
1787 1773 1950 1825 aequo

340 1841 452 1894 suis
490 1841 701 1895 viribus
742 1842 943 1905 fidunt,
973 1849 1028 1896 et
1066 1842 1283 1895 minora
1325 1843 1656 1905 certamina,
1701 1842 1807 1894 etsi
1849 1842 1950 1894 mi-

340 1926 487 1982 nime
538 1928 596 1981 in
647 1928 735 1981 his
787 1946 846 1981 se
897 1930 969 1980 ad
1025 1928 1322 1980 victoriam
1386 1928 1755 1991 exercuerint,
1820 1945 1950 1982 con·

339 2022 620 2079 temnunt,
671 2014 729 2068 in
781 2015 1089 2084 majoribus
1139 2014 1401 2085 periculis
1452 2022 1624 2084 atque
1685 2013 1951 2068 aerumnis

341 2099 729 2155 imbecilliores
770 2101 941 2155 etiam
985 2109 1116 2156 sunt
1158 2119 1329 2171 quam
1356 2102 1561 2156 timidi.
1640 2103 1791 2154 Nam
1818 2120 1947 2154 cum

342 2186 524 2241 minus
583 2206 651 2242 ex
710 2191 993 2244 sententia
1056 2188 1429 2241 successerint
1502 2207 1628 2256 quae
1692 2205 1950 2258 suscepe-

341 2282 485 2337 runt,
537 2273 725 2344 parvis
770 2274 827 2327 in
874 2276 1040 2329 rebus
1090 2276 1300 2344 pariter
1343 2293 1410 2329 ac
1457 2273 1677 2346 magnis
1728 2273 1951 2327 animos

341 2362 699 2427 contrahunt,
763 2372 933 2434 atque
996 2362 1322 2415 demittunt.
1417 2362 1660 2417 Proinde
1724 2362 1805 2416 ita
1868 2380 1949 2415 re-

306 2512 309 2515 >
341 2456 654 2517 pugnanter
691 2468 758 2505 ac
783 2451 981 2505 timide
1021 2450 1298 2521 ejusmodi
1338 2447 1650 2503 certamina
1688 2447 1950 2525 subeunt,

343 2541 403 2587 ut
446 2553 714 2605 magnum
766 2538 1070 2591 discrimen
1122 2539 1329 2592 adeant
1382 2538 1580 2592 salutis
1648 2546 1746 2591 aut
1798 2545 1949 2591 certe

342 2623 778 2691 tranquillitatis,
883 2626 1112 2680 Etenim
1166 2645 1295 2679 cum
1347 2643 1508 2678 suam
1560 2624 1668 2694 ipsi
1719 2625 1951 2678 infirmi·

343 2713 517 2761 tatem
545 2727 660 2763 non
687 2721 1016 2782 agnoscant,
1045 2720 1216 2781 atque
1242 2712 1453 2766 idcirco
1486 2711 1699 2766 Christi
1726 2729 1951 2765 crucem

346 2792 510 2849 nimis
559 2814 786 2866 gravem
852 2802 1173 2853 existiment
1224 2801 1296 2852 ad
1346 2798 1761 2868 perferendum,
1826 2815 1951 2868 pro-

346 2878 489 2934 fecto
529 2884 827 2939 sollicitam
870 2895 1040 2956 atque
1082 2888 1343 2941 acerbam
1385 2887 1560 2939 vitam
1604 2886 1815 2939 ducant
1857 2903 1951 2939 ne·

345 2982 498 3019 cesse
524 2978 627 3021 est.

418 3055 564 3121 Quid
605 3060 838 3112 tandem
882 3060 1063 3124 nobis,
1106 3059 1324 3124 fratreS,
1365 3059 1422 3113 in
1461 3066 1713 3114 extremo
1754 3059 1952 3129 spiritu

347 3134 591 3193 futurum
630 3152 916 3211 putamus,
958 3147 1063 3200 nisi
1109 3149 1180 3200 ad
1219 3148 1362 3201 bene
1401 3147 1743 3215 sperandum
1783 3153 1954 3214 atque

349 3221 417 3273 ad
483 3225 588 3279 Dei
641 3229 907 3285 fiduciam
990 3250 1093 3286 nos
1165 3233 1575 3286 exercuerimus
1655 3232 1711 3283 in
1783 3232 1950 3284 vita?
