2639 3798
643 335 825 372 LIBER
861 336 938 373 VI.
961 351 1032 359 ·--
1054 335 1343 374 EPISTOLA
1385 334 1470 373 ΙΙΙ.
1804 337 1867 373 21

246 565 464 629 patres;
524 576 649 627 quae
704 557 840 611 mihi
894 559 1100 612 fiducia
1146 559 1422 612 lucrifacit
1471 576 1584 610 non
1630 577 1866 626 parvum

245 647 495 697 laborem
537 644 820 696 scribendi
860 644 1157 711 permulta,
1199 644 1559 698 commodius
1605 644 1867 698 otiosius·

243 749 352 802 que
414 749 515 800 per
577 739 820 796 nostrOS,
885 730 1051 800 plena
1104 732 1413 785 instructos
1464 729 1663 784 talium
1717 730 1860 784 noti-

243 819 339 884 tia,
391 817 651 872 familiari
701 817 863 872 vobis
915 836 1103 873 coram
1163 836 1423 873 sermone
1478 817 1791 872 referenda.

316 907 403 960 De
450 922 540 960 me
586 922 753 960 narro
797 905 918 970 tibi,
975 905 1345 960 deliberatum
1393 904 1531 958 mihi
1578 923 1649 958 ac
1693 906 1862 974 plane

237 993 355 1063 jam
418 998 633 1046 certum
696 998 781 1046 est
853 992 1116 1061 navigare
1189 993 1246 1047 in
1317 992 1654 1065 Japoniam3
1721 1010 1858 1064 quo-

242 1080 393 1132 niam
446 1079 666 1131 idoneis
711 1078 1036 1130 auctoribus
1077 1079 1344 1147 comperi,
1393 1079 1608 1146 optime
1653 1081 1725 1134 ad
1770 1098 1859 1134 ex-

241 1163 580 1233 cipiendam,
622 1180 751 1218 cum
792 1181 890 1233 spe
937 1164 1166 1229 fructuS,
1206 1165 1547 1234 evangelicae
1583 1164 1861 1218 doctrinae

240 1250 770 1319 promulgationem,
823 1249 1126 1320 dispositas
1177 1251 1353 1304 videri
1404 1259 1603 1321 gentes
1645 1251 1786 1304 illas.

311 1335 728 1390 Proficiscimur
779 1352 890 1389 una
941 1352 1036 1389 sex
1088 1353 1341 1400 numero,
1410 1345 1526 1390 tres
1591 1339 1858 1407 Europaei

239 1422 476 1477 totidem
527 1424 796 1494 Japones.
877 1422 954 1475 Hi
1000 1429 1055 1475 et
1095 1422 1354 1475 homines
1394 1422 1451 1474 in
1491 1421 1689 1491 primis
1727 1442 1854 1492 pro-

238 1510 310 1572 bi,
376 1517 432 1562 et
495 1507 788 1561 christiani
852 1515 982 1560 sunt
1042 1508 1294 1576 perboni.
1374 1508 1589 1562 Christi
1635 1508 1853 1577 religio-

239 1612 366 1647 nem
414 1601 784 1662 susceperunt
832 1596 971 1649 Goae
986 1612 999 1656 3
1053 1595 1269 1649 litteras
1315 1602 1598 1648 nostrates
1643 1594 1853 1647 ibidem

239 1682 292 1734 in
345 1681 579 1750 collegio
632 1682 837 1733 Sanctae
885 1681 1044 1734 Fidei
1096 1700 1223 1734 cum
1275 1681 1458 1749 legere
1509 1689 1631 1734 tum
1677 1682 1850 1735 etiam

238 1767 534 1820 scribendo
588 1766 830 1819 formare
884 1767 1218 1820 didicerunt.
1301 1769 1556 1820 Mensem
1611 1768 1851 1837 quisque

237 1853 485 1920 ipsorum
562 1853 842 1921 integrum
920 1854 1180 1906 asceticis
1268 1854 1849 1906 commentationibus

236 1938 530 2007 impendit,
600 1937 783 1991 fructu
852 1938 1026 1991 animi
1095 1938 1368 2001 maxim03
1434 1957 1600 2008 quem
1667 1941 1851 2009 quoti-

238 2026 418 2079 dianis
470 2026 580 2079 huc
633 2044 808 2096 usque
862 2044 966 2077 nec
1012 2025 1199 2095 parvis
1247 2025 1534 2078 cumulare
1580 2043 1848 2094 augmen-

236 2113 306 2164 tis
361 2119 621 2180 pergunt.
702 2113 1020 2166 Incitantur
1075 2130 1274 2166 omnes
1341 2114 1413 2165 ad
1481 2113 1728 2167 reditum
1794 2114 1848 2165 in

236 2200 472 2268 patriam
527 2198 806 2253 desiderio
858 2198 1070 2269 ingenti
1124 2197 1585 2252 communicandi
1643 2215 1848 2269 cogna-

236 2286 306 2339 tis
363 2295 417 2340 et
470 2286 838 2340 familiaribus
882 2286 1211 2340 thesaurum
1261 2304 1428 2355 quem
1481 2286 1845 2344 invenerunt;

236 2381 287 2424 et
340 2392 372 2424 a
422 2374 584 2425 vanis
635 2372 1128 2442 superstitionibus
1179 2372 1456 2425 abductos
1518 2373 1835 2441 populareS,

237 2459 479 2525 Christo,
529 2461 622 2530 qui
668 2461 759 2513 lux
806 2461 1066 2530 salusque
1107 2460 1273 2512 unica
1314 2459 1513 2513 mundi
1558 2467 1663 2523 est,
1714 2479 1845 2514 con-

236 2546 478 2600 ciliandi.
556 2546 727 2601 Aiunt
789 2547 1036 2615 cogitare
1100 2548 1208 2602 illic
1275 2548 1497 2617 aliquos
1552 2566 1581 2601 e
1642 2556 1844 2618 poten-

234 2636 381 2685 tibus
453 2654 657 2696 rerum,
734 2633 1016 2685 destinare
1092 2631 1430 2700 legationem
1511 2634 1584 2687 ad
1654 2649 1843 2702 regem

237 2720 562 2785 Lusitaniae,
625 2739 735 2789 qua
799 2722 1134 2773 Sacerdotes
1194 2719 1644 2789 promulgatores
1704 2718 1846 2789 legis

236 2806 444 2860 Christi
496 2808 568 2860 ad
621 2826 680 2859 se
742 2807 890 2859 mitti
942 2806 1248 2877 postulent.

305 2894 460 2946 Imus
513 2895 755 2946 universi
824 2911 1028 2962 magna
1096 2893 1404 2962 gestientes
1467 2882 1699 2945 fiducia*
1736 2892 1843 2946 fru-

233 2985 352 3031 ctus
405 2999 519 3033 non
571 2980 815 3048 vulgaris
871 2981 1163 3048 (adjutura
1213 2997 1316 3049 pro
1375 2998 1476 3034 sua
1533 2980 1846 3033 misericor-

233 3064 320 3118 dia
372 3068 583 3122 debiles
636 3075 860 3123 nostros
922 3074 1159 3121 conatus
1216 3066 1321 3122 Dei
1378 3066 1611 3121 Domini
1667 3068 1846 3123 nostri

248 473 476 542 copiose
541 491 642 527 vos
709 475 993 526 docebunt
1061 475 1154 543 qui
1216 473 1653 542 proficiscuntur
1724 473 1869 526 istuc
