2639 3798
586 370 769 412 LIBER
806 372 933 412 VIII.
954 391 1026 397 —-
1046 373 1338 412 EPISTOLA
1378 373 1530 411 XXVI.
1770 371 1871 423 351

247 518 496 573 oblatam
536 516 856 585 praeterlabi
897 517 1117 570 sinere?
1169 525 1226 570 at
1255 503 1871 585 quando'redituram?

251 606 361 660 Sed
405 604 527 657 haec
570 603 864 657 hactenus

317 691 376 745 Si
429 710 458 743 e
513 690 812 743 Lusitania
876 691 1071 744 Patres
1124 690 1231 744 hoc
1285 709 1438 743 anno
1500 689 1673 757 aliqui
1728 688 1875 741 istuc

245 777 546 845 appellant,
593 784 900 837 memento,
942 785 1152 828 conatu
1193 776 1350 827 omni
1391 777 1462 827 ad
1504 793 1874 841 perrumpen-

246 865 315 917 da
369 861 663 914 obstacula
716 861 990 924 adhibito,
1046 862 1263 914 efficere
1310 870 1371 914 ut
1418 879 1614 913 eorum
1670 859 1872 912 saltem

248 968 388 1004 unus
430 967 581 1001 anno
623 948 880 1017 proximo
924 949 981 1000 in
1007 949 1313 1020 Japoniam
1359 948 1606 1017 naviget,
1652 946 1873 1000 futurus

247 1036 319 1088 ibi
359 1034 545 1087 socius
589 1033 772 1086 Patris
813 1034 1010 1086 Cosmi
1059 1034 1344 1096 Turriani‚
1386 1041 1554 1102 prout
1596 1030 1663 1086 ea
1703 1033 1773 1085 de
1816 1050 1874 1085 re

247 1122 347 1177 tibi
392 1120 589 1191 reliqui
636 1120 910 1190 scriptum
958 1121 1332 1184 mandatum„
1360 1121 1522 1190 cujus
1569 1120 1742 1174 modo
1789 1137 1873 1173 re-

251 1210 384 1263 frico
425 1208 779 1261 memoriam.
860 1208 931 1260 Ei
962 1208 1114 1261 Patri
1151 1195 1432 1275 adjungas
1458 1207 1627 1260 velim
1668 1207 1875 1260 laicum

250 1295 565 1364 adjutorem
604 1313 633 1347 e
673 1294 958 1347 Societate
1000 1294 1288 1357 comitem,
1331 1301 1385 1347 et
1428 1311 1591 1347 cures
1633 1301 1694 1347 ut
1736 1292 1875 1346 satis

253 1382 480 1451 copioso
520 1389 756 1450 uterque
784 1369 993 1435 viatico
1032 1381 1363 1435 instruatur.
1445 1378 1690 1450 Oportet
1725 1380 1878 1434 enim
1906 1393 1913 1399 ²

253 1476 378 1537 post
430 1468 534 1519 viae
588 1476 850 1536 sumptus
912 1485 1204 1536 superesse
1271 1468 1408 1535 ipsis
1462 1469 1612 1519 unde
1665 1467 1878 1519 victum

256 1549 587 1622 comparent
634 1554 691 1605 in
735 1554 1000 1624 Japonia‚
1054 1561 1203 1606 terra
1251 1554 1507 1606 laborum
1536 1561 1591 1605 et
1621 1553 1919 1621 spiritua-·

253 1643 385 1694 lium
456 1641 741 1694 fructuum
805 1641 968 1693 nobis
1035 1641 1223 1703 feraci,
1283 1641 1541 1708 pecuniae
1609 1659 1676 1693 ac
1729 1658 1881 1693 corn-

255 1735 540 1779 meatuum
594 1726 786 1779 sterili.
868 1728 1053 1795 Atque
1115 1726 1223 1779 hoc
1275 1734 1462 1779 totum
1526 1726 1735 1788 fae,'si
1793 1744 1884 1778 me

254 1832 426 1877 amas,
472 1821 533 1866 ut
574 1813 678 1867 tibi
720 1813 894 1867 etiam
940 1822 1111 1882 atque
1158 1813 1328 1866 etiam
1378 1813 1533 1866 cordi
1580 1813 1652 1866 sit
1668 1832 1680 1874 ;
1744 1830 1878 1865 nam

257 1900 526 1968 majorem
579 1900 635 1953 in
689 1888 923 1954 modum
977 1901 1159 1968 cupi0,
1215 1901 1347 1969 quia
1400 1900 1456 1953 id
1510 1899 1775 1968 expedire
1821 1898 1880 1952 in

254 1986 446 2054 primis
497 1986 693 2056 judico
732 1987 964 2056 adjungi
1005 1987 1425 2057 quamprimum
1468 1988 1698 2047 Cosmo
1734 1986 1875 2038 Tur·

259 2073 414 2126 riano
457 2074 630 2126 alium
659 2091 689 2126 e
720 2074 1007 2127 Societate
1052 2075 1428 2127 sacerdotem.

328 2162 408 2213 Ac
454 2160 500 2212 si
547 2178 650 2213 nos
696 2161 806 2213 ista
851 2179 1022 2229 quam
1069 2160 1315 2212 indicavi
1362 2177 1490 2228 spes
1519 2177 1549 2211 e
1580 2159 1880 2211 Lusitania

262 2247 539 2311 deficeret,
585 2248 810 2299 nemine
852 2249 924 2299 ad
967 2248 1023 2299 id
1066 2256 1201 2317 apto
1245 2249 1412 2299 Patre
1456 2255 1651 2298 nostro
1688 2246 1746 2297 in
1785 2264 1882 2297 na-

261 2333 417 2387 vibus
461 2334 715 2402 proxime
761 2334 1080 2402 appulsuris
1124 2333 1403 2396 veniente,
1447 2333 1592 2396 vide,
1642 2333 1879 2387 obsecro

262 2425 332 2482 te,
373 2419 572 2489 ecquid
613 2419 833 2473 ratione
873 2418 982 2472 alia
1021 2418 1224 2473 confici
1272 2418 1561 2488 negotium
1604 2417 1712 2472 hoc
1752 2437 1880 2488 pos-

263 2513 369 2560 set:
428 2508 508 2560 uti
551 2508 596 2560 si
640 2526 699 2560 se
742 2507 845 2560 tibi
894 2508 1115 2560 offerret
1158 2508 1230 2560 ad
1273 2507 1580 2559 ineundam
1629 2507 1880 2559 Societa-

263 2599 373 2646 tem
420 2594 622 2663 aliquis
684 2594 772 2647 vel
820 2595 939 2662 jam
994 2594 1277 2656 sacerdOS,
1325 2593 1412 2645 vel
1459 2601 1627 2661 aptus
1672 2594 1771 2646 ad*
1799 2611 1885 2647 sa-

263 2682 571 2734 cerdotium
620 2701 731 2751 quo
777 2701 906 2734 eum
953 2681 1162 2734 initiari
1210 2680 1372 2733 facile
1419 2699 1663 2744 curareS,
1698 2700 1882 2750 vquem

262 2767 412 2832 satiS‚
458 2777 756 2821 contracto
799 2786 901 2838 pro
943 2768 1217 2837 temporis
1263 2766 1540 2836 angustiis
1585 2767 1885 2837 tyrocinio,

262 2856 557 2920 probatum
586 2856 687 2910 tibi
715 2856 984 2910 videreris
1025 2873 1191 2924 posse
1221 2854 1350 2908 illuc
1390 2855 1693 2909 destinare.
1773 2855 1884 2908 Ta·

268 2939 319 3002 li,
349 2942 592 3011 siquem
633 2942 923 3011 repereriS,
965 2951 1063 2994 aut
1104 2942 1263 2993 alteri
1304 2962 1372 2993 ex
1405 2941 1560 3009 prius
1600 2941 1887 3004 indicatis,

276 3044 342 3078 ne
400 3031 564 3098 copia
603 3030 1031 3082 transmittendi
1090 3029 1310 3081 Malaca
1359 3029 1416 3079 in
1458 3030 1742 3098 Japonem
1797 3029 1890 3079 de-

271 3114 356 3176 sit,
399 3134 503 3183 ego
544 3117 600 3168 in
641 3116 883 3168 transitu
928 3116 1255 3183 providebO,
1299 3132 1505 3182 rogans
1559 3113 1889 3181 praefectum
