2639 3798
757 456 941 493 LIBER
982 454 1109 490 VIII.
1135 469 1205 473 —
1230 455 1524 490 EPISTOLA
1570 456 1645 490 IV.
1922 456 2022 490 211

380 594 724 650 advenerim.
808 591 982 641 Dicas
1030 589 1255 640 interim
1288 589 1382 651 illi,
1446 589 1491 639 si
1540 591 1665 639 Deo
1717 588 1926 639 servire
1971 587 2027 637 in

382 682 667 735 Societate
720 676 873 737 velit,
930 674 1186 727 conferat
1235 693 1295 726 se
1342 675 1398 726 in
1449 675 1867 737 nosocomium,
1924 674 2024 725 ibi-

379 786 485 837 que
538 764 777 817 infirmis
833 762 1118 814 ministret
1174 762 1363 829 quoad
1422 762 1611 814 Goam
1670 761 2021 830 perveniam,

379 853 529 924 quod
576 850 748 912 brevi,
801 851 927 901 Deo
965 850 1220 916 juvante,
1268 848 1521 901 futurum
1568 866 1751 917 spem.

448 941 554 991 Adi
609 958 640 989 a
694 956 784 988 me
848 936 1144 987 dominum
1206 936 1539 1003 episcopum
1595 935 1760 1003 eique
1817 955 2020 987 manus

378 1046 502 1081 mea
547 1027 667 1078 vice
713 1025 989 1085 osculare,
1039 1042 1105 1074 ac
1154 1023 1308 1075 dices
1357 1024 1633 1091 majorem
1679 1024 1735 1075 in
1782 1026 2017 1077 modum

377 1132 577 1183 cupere
632 1131 721 1164 me
775 1111 899 1163 sisti
954 1111 1377 1179 quamprimum
1446 1111 1829 1165 dominationi
1895 1112 2017 1181 ejus

376 1200 785 1261 illustrissimae,
853 1200 1138 1265 sperando
1209 1217 1441 1250 suavem
1525 1199 1702 1250 animi
1768 1198 2015 1252 fructum

375 1305 439 1338 ac
489 1286 940 1337 consolationem
996 1304 1063 1335 ex
1116 1285 1237 1351 ejus
1291 1285 1622 1337 dulcissimo
1678 1304 2016 1352 congressu;

373 1382 491 1425 tum
543 1388 631 1423 me
688 1369 1140 1437 significaturum
1191 1370 1297 1438 ipsi
1349 1379 1628 1439 quantum
1675 1388 1765 1420 me
1807 1370 2008 1422 obstri-

374 1469 527 1510 ctum
582 1456 825 1509 sentiam
881 1455 1167 1508 favoribus
1211 1465 1266 1509 et
1311 1457 1601 1508 beneficiis
1646 1458 1768 1525 ejus
1813 1459 2011 1519 tantiS,

375 1552 433 1594 ut
474 1543 540 1593 iis
569 1561 669 1609 pro
711 1541 915 1593 merito
958 1541 1314 1594 aestimandis
1356 1543 1566 1594 nedum
1608 1544 2008 1610 rependendiS,

376 1647 464 1680 me
509 1629 654 1680 ultro
697 1629 968 1696 profitear
1012 1628 1311 1696 imparem.

447 1718 684 1766 Summo
736 1723 938 1767 teneor
1004 1716 1287 1768 desiderio
1344 1718 1576 1768 Fratres
1630 1716 1758 1769 istic
1812 1734 2016 1769 omnes

374 1819 528 1854 meos
571 1802 871 1865 revisendi,
918 1804 1116 1856 Patres
1157 1804 1491 1872 praesertim,
1538 1822 1567 1854 e
1612 1822 1853 1872 quorum
1900 1803 2010 1855 col-

371 1886 559 1954 loquio
642 1888 1097 1942 consolationem
1183 1898 1452 1959 exspecto
1519 1908 1632 1942 non
1701 1891 2008 1942 modicam.

373 1974 589 2025 Valete.

442 2062 676 2123 Cocino,
718 2064 899 2129 pridie
944 2066 1140 2114 Nonas
1184 2064 1476 2115 Februarii
1521 2065 1690 2115 Anno
1741 2065 2002 2117 MDLII.

513 2207 694 2259 Totus
734 2217 920 2262 vester
961 2209 1015 2261 in
1059 2210 1309 2263 Christo.

1524 2358 1925 2414 FRANCISCUS.
