2649 3754
617 408 721 462 170
1014 406 1200 445 LIBER
1238 408 1368 447 VIII.
1390 423 1465 431 --
1485 407 1781 446 EPISTOLA
1823 407 1861 444 1.

611 555 667 599 et
721 546 935 598 idcirco
988 564 1158 613 supra
1213 546 1448 597 modum
1502 565 1717 597 carum.
1800 543 2115 596 Maximum
2168 552 2254 596 ta-

613 652 744 687 men
787 633 1286 686 incommodorum
1332 640 1418 686 est
1462 633 1720 686 anxietas
1764 631 2036 685 continua
2073 630 2132 701 in
2162 648 2255 700 pe-

615 720 808 774 riculis
854 720 987 772 vitae
1036 719 1407 787 quotidianiS.

687 807 820 859 Non
864 813 996 858 sunt
1040 805 1158 873 apti
1202 806 1272 858 ad
1319 804 1487 874 hujus
1529 813 1694 858 terrae
1738 803 2019 857 culturam
2068 822 2252 868 seneS,

614 894 809 962 utique
863 894 1068 961 quibus
1121 894 1388 945 deessent
1441 894 1589 944 vires
1641 894 1713 944 ad
1768 892 2123 944 necessarios
2175 892 2252 942 la-

610 980 804 1039 bores3
863 997 966 1030 nec
1014 979 1424 1042 adolescenteS,
1471 980 1578 1031 nisi
1623 980 1668 1030 si
1713 980 1917 1047 quibus
1964 978 2252 1031 defectum

612 1065 800 1119 aetatis
837 1065 1111 1118 virtutum
1157 1066 1493 1135 magnitudo
1539 1064 1857 1119 manifestis
1902 1065 2254 1134 experimen-

610 1153 684 1205 tis
726 1160 1156 1221 perspectarum
1205 1152 1518 1221 suppleret:
1581 1152 1790 1220 alioqui
1839 1152 2031 1220 potius
2078 1170 2251 1220 quam

611 1240 736 1292 aliis
799 1240 1040 1308 prosint,
1108 1259 1167 1291 se
1233 1240 1388 1308 ipsos
1451 1240 1773 1308 perderent.
1874 1241 2248 1291 Peccatorum

612 1327 801 1380 omnis
838 1327 1061 1395 generis
1100 1327 1459 1379 irritamenta
1498 1327 1608 1379 illic
1637 1335 1692 1379 et
1728 1326 2061 1378 occasiones
2100 1334 2253 1379 sunt.

614 1417 897 1468 Praeterea
943 1414 1255 1466 teneriores
1302 1415 1379 1466 ibi
1427 1432 1597 1482 quam
1646 1431 1888 1482 usquam
1933 1413 2110 1466 animi
2154 1412 2251 1465 ho-

613 1501 833 1554 minum
878 1500 1143 1553 facillime
1187 1500 1553 1554 offenduntur
1597 1500 1794 1570 quavis
1836 1500 2026 1569 specie
2067 1499 2256 1552 minus

613 1591 754 1643 recti
798 1590 1042 1658 exempli
1088 1590 1146 1642 in
1181 1590 1249 1642 iis
1294 1598 1573 1653 exstante,
1605 1590 1700 1659 qui
1745 1608 1804 1642 se
1843 1590 2081 1642 aliorum
2128 1609 2257 1643 cen-

622 1697 777 1731 sores
826 1677 1032 1731 ferunt.

688 1766 832 1819 Haec
898 1765 978 1818 ita
1045 1764 1329 1828 minutim,
1399 1772 1458 1818 ut
1519 1764 1650 1828 dixi,
1719 1765 1906 1818 scribo
1975 1765 2252 1834 Magistro

615 1853 855 1915 Simoni,
886 1860 983 1904 aut
1013 1853 1136 1920 ejus
1173 1852 1295 1904 vice
1330 1853 1536 1904 rectori
1567 1853 2043 1905 Conimbricensi.
2114 1856 2254 1906 Gra-

613 1940 902 1991 tissimum
951 1938 1090 1989 mihi
1138 1946 1305 2001 esset,
1353 1939 1398 1989 si
1442 1946 1541 1990 tua
1585 1947 1785 1990 sancta
1829 1938 2079 1991 charitas
2125 1940 2256 1991 scri-

612 2026 745 2077 bere
800 2025 1230 2078 Conimbricam
1285 2025 1633 2092 dignaretur,
1694 2034 1754 2078 ut
1809 2044 1953 2093 quos
2007 2027 2259 2078 destina-

620 2120 746 2163 rent
796 2112 852 2163 in
912 2112 1222 2182 Japoniarn
1284 2112 1439 2180 prius
1501 2113 1573 2163 ad
1635 2121 1691 2163 te
1757 2115 2004 2164 Romam
2069 2113 2257 2165 mitte-

621 2207 766 2250 rent.

687 2284 969 2337 Veniebat
1024 2283 1163 2336 mihi
1218 2285 1275 2336 in
1331 2292 1604 2347 mentem,
1659 2292 1825 2353 aptos
1873 2286 1945 2337 ad
1994 2304 2121 2338 eam
2169 2305 2257 2339 ex-

611 2372 965 2439 peditionem
998 2372 1176 2424 videri
1217 2370 1336 2424 fore
1378 2372 1603 2440 Belgas,
1647 2380 1743 2425 aut
1787 2374 2128 2437 GermanOS‚
2160 2374 2256 2442 qui

615 2458 1005 2512 Castellanam
1045 2468 1142 2511 aut
1194 2459 1534 2512 Lusitanam
1573 2459 1794 2527 linguas
1842 2469 2097 2513 nossent.
2180 2463 2256 2515 U-

611 2556 879 2615 trumque
944 2546 999 2598 id
1066 2566 1245 2615 genus
1309 2547 1561 2599 tolerans
1626 2547 1883 2599 laborum
1961 2557 2066 2612 est,
2134 2558 2257 2601 tum

612 2634 857 2686 naturali
911 2634 1110 2686 habitu
1164 2643 1219 2686 et
1274 2635 1631 2687 educationis
1692 2653 1797 2687 usu
1861 2636 2129 2688 duratum
2184 2636 2257 2688 ad

610 2722 951 2791 patientiam
996 2722 1389 2775 Bandensium
1432 2722 1722 2791 frigorum.
1802 2723 2126 2777 Verisimile
2154 2741 2253 2793 pu-

611 2811 809 2863 tabam
870 2828 984 2863 non
1038 2829 1251 2879 paucos
1306 2830 1373 2863 ex
1427 2810 1582 2863 hisce
1641 2811 1969 2864 nationibus
2036 2812 2257 2865 duabus

612 2897 670 2949 in
720 2897 892 2950 variis
948 2898 1248 2966 Hispaniae
1302 2898 1553 2967 collegiis
1601 2905 1655 2951 et
1707 2899 1890 2952 Italiae
1942 2899 2149 2964 vivere,
2198 2899 2255 2952 in

611 2985 816 3054 quibus
870 2985 1014 3038 forte
1069 2986 1311 3038 multum
1368 2987 1533 3038 utiles
1588 3006 1702 3038 non
1759 2988 1892 3051 sint,
1949 2989 2103 3057 quod
2158 3007 2254 3040 na-

609 3074 728 3127 tiva
786 3074 1069 3143 elegantia
1121 3074 1412 3143 popularis
1465 3074 1673 3143 linguae
1727 3082 1990 3139 careant3
2059 3076 2156 3146 qui
2209 3074 2254 3128 si

607 3161 1053 3215 transferrentur
1104 3161 1162 3215 in
1213 3162 1541 3232 Japoniam,
1596 3162 1939 3218 excellenter
1990 3163 2068 3217 ibi
2121 3181 2253 3232 ope-
