2639 3798
588 367 770 408 LIBER
807 367 1289 407 VL—EPISTOLA
1328 368 1431 405 VII.
1751 367 1816 422 59
1873 407 1875 409 ,

207 510 285 563 Ut
352 525 440 558 res
505 507 632 559 istic
694 506 802 559 hoc
865 506 1062 559 ordine
1124 526 1190 558 ac
1252 504 1564 574 disciplinae
1622 513 1819 560 tenore

202 595 529 663 procedant,
601 607 796 648 curare
872 596 1125 665 impense
1194 612 1295 646 vos
1364 594 1565 646 ambos
1627 594 1818 664 jubeo,

203 688 258 734 et
328 699 418 733 me
489 681 558 733 de
630 680 849 734 cunctis
919 698 1044 749 quae
1115 681 1445 749 contingent
1523 681 1819 734 certiorem

204 768 405 820 facere.
460 767 678 819 Valete.

279 912 499 965 Malaca
552 913 622 964 X.
681 913 963 966 Kalendas
1006 913 1184 983 Julias
1231 916 1395 966 Anno
1444 914 1783 966 MDXLIX.

278 1058 479 1110 Vester
530 1057 585 1109 in
639 1055 869 1110 Christo
921 1056 1153 1111 intimus
1207 1058 1424 1113 Frater.

1350 1204 1746 1256 FRANCISCUS.

1159 1445 1297 1456 --.....

665 1633 887 1694 EPJS
895 1633 958 1693 T
961 1632 1143 1694 OLA
1210 1634 1361 1695 VII.

854 1800 1175 1862 Eisdem.

277 1974 360 2024 De
423 1973 617 2043 nuptiis
684 1973 1049 2043 Christophoro
1120 1974 1393 2025 Carvallio
1461 1974 1820 2026 conciliandis.

280 2145 478 2195 Gratia
540 2154 595 2195 et
656 2163 816 2196 amor
879 2143 1110 2196 Domini
1173 2144 1349 2197 nostri
1411 2147 1545 2214 Jesu
1610 2144 1824 2199 Christi

208 2230 396 2285 adsint
457 2247 680 2299 semper
740 2231 902 2283 nobis
964 2231 1169 2283 auxilio
1226 2240 1280 2283 et
1334 2231 1542 2282 favore.
1621 2232 1823 2282 Amen.

348 2418 383 2456 X
435 2421 546 2473 quo
608 2403 804 2472 scripsi
864 2403 1024 2453 vobis
1085 2402 1224 2454 satis
1276 2401 1414 2465 fuse,
1469 2422 1640 2455 causa
1691 2402 1826 2456 inci-

390 2489 472 2542 dit
533 2506 631 2542 cur
689 2490 949 2557 expedire
1006 2490 1320 2557 judicarem
1374 2490 1675 2542 convenire
1725 2508 1827 2542 vos

212 2577 412 2629 iterum
489 2577 683 2647 paucis
759 2577 847 2628 his
921 2575 1192 2638 versibUS,
1280 2575 1430 2629 unde
1502 2574 1827 2644 intelligatis

212 2665 519 2719 occurrisse
574 2664 665 2718 hic
724 2665 859 2717 mihi
917 2672 1165 2717 veterem
1223 2663 1469 2716 amicum
1523 2662 1581 2715 in
1633 2661 1827 2732 paucis

213 2769 422 2816 carum,
477 2752 704 2805 nomine
758 2750 1232 2820 Christophorum
1287 2750 1651 2804 Carvallium.

286 2840 480 2891 Homo
532 2847 616 2891 est
668 2839 889 2900 caelebs,
941 2838 1170 2899 virtutis,
1217 2837 1473 2906 apprime
1519 2837 1826 2898 studiosus,

213 2922 476 2993 locupleS,
545 2924 835 2987 honestUS,
905 2925 1248 2992 optimarum
1317 2924 1523 2977 artium
1588 2933 1643 2977 et
1704 2943 1828 2993 par-

214 3011 373 3065 tium.
455 3015 626 3065 Hunc
703 3031 823 3080 ege,
902 3031 1003 3079 pro
1074 3011 1262 3063 studio
1333 3011 1484 3079 quod
1562 3011 1832 3079 profiteor

216 3100 583 3165 procurandae
637 3099 890 3151 omnium
945 3098 1158 3161 salutiS,
1217 3098 1396 3150 institi
1459 3098 1673 3150 hortari
1733 3116 1833 3166 per
