2665 3754
784 352 890 406 394
1174 352 1359 390 LIBER
1399 352 1884 391 Ix.—-EPISTOLA
1925 352 2025 391 ΧΗ.

853 489 1042 557 Quare
1095 506 1223 540 cum
1269 506 1373 540 nos
1425 488 1549 541 haec
1602 489 1924 541 animorum
1973 489 2224 558 pericula
2270 493 2407 560 peri-

774 574 916 628 culis
956 593 1258 644 corporum
1297 575 1514 644 majora
1554 593 1620 629 ac
1658 576 1901 629 certiora
1938 594 2061 629 esse
2096 577 2406 645 videamus,

774 661 1056 731 optimum
1105 662 1367 715 ducimus
1422 662 1678 715 mortalis
1723 662 1854 716 vitae
1906 662 2157 732 pericula
2203 663 2404 731 subire,

776 768 845 803 ne
905 758 1134 805 aeternae
1188 750 1386 804 salutis
1439 750 1743 804 discrimen
1804 751 2180 805 incurramus.
2260 753 2405 823 Quid

773 837 988 890 multa?
1030 839 1203 890 fixum
1233 838 1469 890 omnino
1503 846 1558 890 et
1593 846 1807 890 statum
1837 846 1922 891 est
1953 839 2117 892 nobis
2154 839 2209 890 in
2242 840 2404 895 Sinas

776 927 1102 994 pervadere.
1184 916 1472 979 Secundet
1537 927 1708 979 modo
1773 927 1929 979 Deus
1991 926 2098 979 iter
2164 927 2235 979 ad
2295 945 2404 982 suae

773 1011 1059 1082 religionis
1112 1012 1647 1081 amplificationem3
1703 1013 2009 1082 quominus
2057 1013 2267 1067 diaboli
2317 1032 2402 1068 eo-

770 1118 1008 1170 rumque
1076 1099 1398 1153 administri
1465 1118 1665 1152 omnes
1732 1099 1995 1152 manibus
2054 1100 2400 1170 pedibusque

769 1194 1047 1241 conentur
1098 1186 1309 1250 omnia,
1367 1204 1482 1240 non
1536 1204 1763 1241 recuso:
1821 1188 1887 1240 Si
1938 1188 2074 1240 enim
2122 1189 2265 1242 Deus
2309 1195 2401 1260 pro

770 1273 934 1334 nobis,
982 1272 1095 1341 quis
1141 1278 1320 1323 contra
1364 1291 1455 1323 nos
1481 1273 1540 1323 ¹?

844 1361 1023 1428 Spero
1064 1376 1154 1411 me
1196 1359 1451 1422 navibuS,
1495 1377 1621 1428 quae
1662 1360 1971 1412 novissime
2007 1360 2140 1414 hinc
2181 1361 2398 1417 solvent

766 1447 824 1498 in
865 1447 1110 1509 Indiam,
1150 1446 1369 1500 litteras
1407 1447 1478 1499 ad
1516 1464 1617 1499 vos
1657 1447 1727 1500 de
1765 1464 1893 1500 meo
1932 1447 1989 1499 in
2026 1449 2223 1502 urbem
2254 1451 2395 1503 Can-

762 1542 959 1588 tonem
1007 1533 1241 1588 introitu
1284 1534 1568 1588 daturum.
1650 1533 1907 1589 Comites
1956 1533 2066 1588 mei
2113 1536 2396 1606 perpetuis

765 1622 977 1676 morbis
1010 1622 1430 1677 conflictantur.
1510 1623 1596 1676 Ad
1626 1621 1749 1677 haec
1779 1622 1997 1687 Sinam,
2029 1641 2199 1692 quern
2234 1624 2396 1679 inter·

763 1716 982 1779 pretem
1031 1708 1398 1771 adduxeram,
1455 1708 1623 1776 patrii
1672 1708 1952 1760 sermonis
1993 1708 2114 1777 jam
2162 1709 2394 1763 oblitum

762 1813 886 1849 esse
923 1797 1201 1865 comperi3
1248 1798 1347 1848 sed
1389 1804 1591 1849 nactus
1628 1814 1753 1848 sum
1796 1797 1966 1848 alium
2010 1797 2393 1866 interpretem,

762 1901 877 1934 non
913 1882 1085 1934 modo
1118 1881 1323 1948 linguae
1357 1882 1456 1934 sed
1492 1881 1936 1934 domesticarum
1976 1883 2149 1936 etiarn
2188 1883 2393 1937 littera-

761 1988 885 2021 rum
938 1967 1203 2038 peritum,
1259 1967 1354 2036 qui
1408 1987 1468 2020 se
1523 1966 1661 2020 mihi
1712 1987 1812 2021 sua
1868 1976 2072 2037 sponte
2125 1969 2390 2023 comitem

761 2057 979 2111 itineris
1019 2056 1242 2110 obtulit.
1324 2057 1481 2109 Deus
1524 2055 1600 2108 illi
1645 2064 1698 2110 et
1744 2055 1801 2108 in
1843 2055 1949 2109 hac
1989 2056 2125 2121 vita,
2172 2065 2227 2111 et
2267 2065 2391 2126 post

761 2152 1004 2196 mortem
1047 2163 1149 2212 pro
1191 2162 1281 2194 me
1322 2141 1527 2194 referat
1568 2142 1830 2210 gratiam.
1911 2143 2047 2206 Ora,
2089 2161 2284 2212 quaeso
2319 2151 2389 2204 te,

762 2233 968 2296 Deum,
1005 2239 1064 2285 ut
1094 2231 1386 2284 hominem
1422 2230 1477 2282 in
1508 2238 1773 2299 suscepto
1806 2231 2042 2283 consilio
2076 2230 2387 2300 proposito-

759 2336 868 2385 que
906 2318 1224 2370 confirmet.

832 2405 984 2457 Sinae
1039 2422 1238 2456 omnes
1292 2401 1534 2464 honesti,
1599 2401 1943 2470 quicumque
1998 2421 2102 2455 nos
2164 2407 2384 2462 norunt,

756 2499 951 2544 nostra
980 2489 1393 2543 consuetudine
1426 2489 1739 2540 admodum
1769 2488 2144 2551 delectantur,
2175 2504 2386 2555 nosque

754 2576 812 2627 in
858 2576 1124 2627 Sinarum
1172 2575 1314 2624 fines
1359 2580 1658 2640 penetrare
1711 2574 2071 2639 percupiunt.
2153 2577 2220 2623 In
2273 2572 2383 2622 ani-

754 2678 909 2713 mum
965 2660 1117 2712 enim
1180 2659 1521 2711 induxerunt
1580 2675 1764 2720 suum,
1825 2658 1893 2709 iis
1950 2676 2094 2726 quos
2152 2659 2381 2710 circum-

752 2753 974 2815 gestare
1018 2762 1122 2795 nos
1163 2744 1358 2795 vident
1402 2742 1575 2804 libris,
1616 2743 1797 2811 legem
1840 2743 2089 2811 aliquam
2131 2762 2233 2796 sua
2273 2759 2379 2796 me-

751 2835 949 2885 liorem
1004 2831 1301 2885 contineri.
1384 2832 1460 2883 Et
1514 2848 1863 2899 quamquam
1916 2830 1972 2884 id
2026 2849 2093 2884 eo
2148 2830 2383 2884 fortasse

752 2921 960 2974 accidit
1007 2921 1160 2989 quod
1204 2918 1395 2988 cupidi
1440 2925 1571 2972 sunt
1615 2936 1803 2972 rerum
1849 2936 2143 2983 novarum,
2192 2926 2381 2973 tamen

751 3015 1057 3078 peroptant
1095 3025 1199 3060 nos
1236 3006 1293 3059 in
1324 3006 1590 3060 Sinarum
1625 3005 1769 3060 fines
1803 3005 2034 3061 intrare.
2113 3008 2380 3061 Attamen

2301 3097 2378 3104 -ἥ-

834 3131 865 3165 1.
910 3129 1019 3162 Rom.
1043 3128 1151 3168 VIII,
1177 3129 1231 3161 31.
