2639 3798
597 367 782 407 LIBER
820 369 898 406 VI.
920 382 992 389 -·-
1012 367 1304 406 EPISTOLA
1344 368 1419 404 IV.
1749 369 1815 422 29

272 502 474 557 Gratia
526 511 581 558 et
635 503 883 558 charitas
934 503 1169 558 Domini
1209 502 1387 556 nostri
1425 504 1560 574 Jesu
1603 499 1817 555 Christi

203 590 310 644 sint
362 607 587 657 semper
638 588 695 641 in
748 588 958 643 nostris
1009 588 1326 643 animabus
1404 589 1607 642 Amen.

0 680 40 714 [c

209 761 561 906 SCRIPSI
618 764 691 817 ad
742 755 843 817 Vos
893 762 1166 835 Januario
1219 780 1415 815 mense
1466 761 1603 814 anni
1656 779 1817 830 supe—

349 851 528 916 rioriS,
594 869 765 921 quam
831 851 1030 905 uberes
1093 851 1413 905 animarum
1479 849 1694 905 fructus
1750 868 1817 902 ex

201 941 283 994 his
338 939 478 993 locis
537 940 940 1009 percipiantur,
1004 946 1394 1009 quantumque
1454 936 1542 989 vel
1593 936 1650 989 in
1705 937 1814 989 Lu·
2395 1013 2398 1014 γ

166 1028 528 1091 siminorum,
581 1026 668 1080 vel
720 1025 778 1079 in
831 1026 1189 1081 ethnicorum
1257 1024 1482 1095 oppidis
1542 1042 1814 1095 propage·
2393 1041 2417 1096 ng>

199 1126 284 1170 tur
345 1114 654 1168 christiana
717 1114 938 1183 religio;
1003 1114 1264 1184 idemque
1323 1120 1542 1166 ceteros
1596 1112 1813 1176 SociOS,
2392 1097 2415 1176 ἱ

199 1201 287 1270 qui
345 1200 402 1252 in
459 1200 615 1253 hisce
666 1200 805 1253 locis
855 1209 1168 1263 versantur,
1223 1217 1324 1268 pro
1377 1218 1478 1254 sua
1530 1218 1814 1269 quemque
2406 1193 2410 1206 ⁵

198 1296 350 1360 parte
402 1287 683 1341 facturum
736 1287 994 1341 arbitror.

264 1377 389 1443 Ego
447 1393 513 1428 ex
567 1375 732 1428 India
780 1375 1085 1446 Japoniam
1140 1393 1335 1427 versus
1386 1373 1565 1443 Aprili
1619 1392 1813 1428 mense

197 1460 441 1524 discessi,
507 1460 811 1515 comitibus
874 1461 1096 1515 duobus
1160 1479 1189 1514 e
1259 1461 1563 1526 Societate,
1626 1461 1814 1515 altero

200 1549 504 1611 sacerdote,
568 1547 908 1602 administro
968 1546 1112 1600 laico
1172 1547 1368 1611 altero,
1422 1566 1488 1602 ac
1540 1554 1814 1617 praeterea

196 1636 506 1707 Japonibus
559 1635 861 1706 neophytis
912 1635 1108 1698 tribuS,
1163 1634 1257 1704 qui
1309 1642 1438 1704 post
1480 1634 1636 1704 jacta
1682 1634 1812 1688 fidei

197 1723 563 1778 fundamenta
626 1722 684 1775 in
749 1722 985 1792 collegio
1049 1725 1108 1777 S.
1173 1724 1331 1776 Fidei
1394 1722 1812 1792 christianaque

199 1809 460 1879 mysteria
527 1809 667 1861 satis
732 1817 1017 1878 percepta,
1085 1809 1370 1878 baptismo
1428 1810 1532 1863 rite
1583 1810 1811 1878 expiati,

197 1895 567 1948 humanarum
620 1894 1050 1964 divinarumque
1102 1914 1287 1948 rerum
1346 1894 1812 1949 meditationibus

199 1998 415 2034 summo
485 1980 674 2034 studio
745 1980 977 2050 parique
1046 1980 1230 2034 fructu
1302 1998 1599 2033 exercuere
1668 1998 1810 2032 sese.

200 2067 341 2119 Nam
399 2064 666 2137 singulari
725 2065 833 2119 Dei
892 2066 1240 2136 benignitate
1304 2067 1448 2121 adeo
1511 2067 1583 2120 ad
1648 2067 1811 2121 coele-

199 2154 293 2209 stis
343 2172 475 2224 erga
520 2172 579 2208 se
624 2154 901 2224 largitatis
946 2155 1330 2225 cognitionem
1377 2153 1626 2217 excitati,
1674 2154 1810 2207 divi-

198 2239 388 2311 nisque
447 2240 751 2295 virtutibus
811 2242 1081 2296 cumulati
1139 2250 1288 2306 sunt,
1342 2251 1403 2296 ut
1456 2242 1659 2295 merito
1709 2260 1812 2293 vos

199 2345 389 2380 omnes
454 2335 541 2382 tot
617 2336 1020 2398 tantorumque
1094 2329 1393 2392 bonorum,
1461 2346 1587 2397 quae
1654 2329 1811 2383 Deus

199 2412 249 2464 in
299 2414 421 2468 illos
472 2414 658 2483 plena,
712 2422 773 2468 ut
826 2414 1048 2479 dicitur,
1102 2416 1386 2485 congessit
1440 2433 1630 2479 manu,
1683 2433 1808 2484 par-

198 2498 389 2569 ticipes
450 2519 573 2554 esse
635 2500 946 2570 cupiamus.
1027 2503 1104 2554 Et
1165 2490 1435 2570 quoniam
1497 2502 1648 2570 apud
1705 2519 1810 2555 nos

198 2583 369 2653 legere
444 2594 501 2640 et
578 2588 821 2641 scribere
896 2589 1232 2652 didicerunt,
1309 2588 1666 2657 precationes
1742 2609 1809 2642 ex

199 2671 400 2738 scripto
452 2672 692 2726 recitant
745 2690 881 2725 sane
938 2674 1250 2742 diligenter.

266 2755 628 2811 Percontanti
691 2757 829 2810 mihi
889 2758 946 2811 in
1004 2776 1116 2827 quo
1179 2759 1539 2827 potissimum
1603 2776 1807 2828 genere

200 2842 576 2897 meditationis
635 2844 944 2914 reperirent
1006 2863 1234 2897 sensum
1292 2852 1635 2914 gustumque
1691 2844 1806 2913 pie·

198 2927 350 2980 tatis:
410 2932 477 2980 In
531 2929 744 2983 Christi
798 2932 1139 2985 cruciatibus
1189 2932 1657 3001 atrocissimaque
1712 2951 1804 2986 ne-

200 3033 273 3083 ce,
310 3024 741 3093 responderunt.
811 3022 1010 3090 Itaque
1050 3017 1106 3070 in
1153 3016 1300 3070 hanc
1347 3016 1651 3070 lectionem
1690 3036 1803 3072 me-

200 3104 638 3179 ditationemque
709 3108 991 3179 praecipue
1068 3107 1422 3161 incumbunt.
1516 3107 1803 3178 Quamdiu

0 857 35 1227 ·0co;.¹.c0
