2665 3754
30 2229 33 2236 *
39 2184 54 2192 2
37 2030 55 2159 ⁴».⁶‘³2³'‹.-
54 1992 55 1995 „

700 366 803 419 260
1063 382 1245 420 LIBER
1284 384 1821 422 V111.—EPISTOLA
1860 386 1950 423 xv.

692 518 837 572 infra
898 519 1052 587 ipsos
1094 529 1150 574 te
1194 521 1519 589 deprimens
1582 540 1790 591 magno
1831 523 1913 576 tui
1960 524 2136 577 animi
2195 544 2319 594 pro-

694 605 862 661 fectu.

839 754 996 808 Tuus
1039 754 1092 808 in
1136 755 1368 809 Christo
1415 758 1631 810 Frater.

1848 906 1896 957 F
1901 920 2249 960 RANCISCUS.

1159 1348 1638 1409 EPISTULA
1699 1350 1778 1408 X
1787 1351 1853 1410 V.

1095 1578 1237 1638 ΡΡ.
1288 1579 1593 1659 Collegii
1649 1580 1909 1641 Goani.

718 1812 800 1862 De
837 1811 1205 1881 Superiorz‘bz‘as
1246 1812 1303 1862 in
1342 1811 1590 1880 defectum
1624 1812 1877 1882 Gasparis
1916 1815 2276 1884 smrogandis.

829 1958 897 2008 In
945 1956 1176 2009 nomine
1225 1956 1459 2009 Domini
1516 1956 1695 2009 nostri
1740 1958 1876 2026 Jesu
1925 1957 2157 2013 Christi.

693 2099 1117 2236 REPUTANS
1159 2118 1383 2155 mecum
1423 2100 1761 2155 brevitatem
1802 2110 2011 2157 nostrae
2053 2104 2204 2169 vitae,
2246 2122 2312 2158 ac

879 2191 1079 2243 mortis
1122 2190 1342 2242 cunctis
1384 2189 1712 2240 hominibus
1756 2190 2087 2244 certissimae
2134 2192 2311 2244 incer-

678 2276 961 2329 tissimam
1000 2276 1303 2344 unicuique
1341 2276 1492 2327 diem
1522 2283 1578 2327 et
1607 2275 1825 2338 horam,
1856 2295 1922 2328 ac
1951 2285 2212 2331 metuens
2240 2297 2310 2331 ne

677 2382 849 2432 quam
894 2363 950 2415 in
993 2363 1380 2416 turbationem
1424 2361 1639 2414 incidat
1683 2360 1806 2415 haec
1851 2363 2073 2427 domUS,
2104 2364 2150 2417 si
2183 2383 2309 2417 eam

678 2468 909 2503 necesse
937 2448 1081 2502 foret
1122 2448 1324 2517 eligere
1366 2448 1471 2501 sibi
1513 2455 1791 2501 rectorem
1822 2448 1879 2501 in
1907 2449 2094 2503 locum
2126 2458 2308 2504 morte

676 2537 952 2589 subtracti
1033 2535 1291 2605 Magistri
1369 2535 1660 2603 Gasparis,
1734 2536 2064 2605 priusquam
2144 2539 2311 2591 Pater

681 2632 874 2676 noster
929 2623 1274 2690 Praepositus
1330 2622 1626 2674 Generalis
1679 2630 1957 2674 rectorem
2017 2624 2148 2676 huic
2201 2625 2308 2676 col-

677 2711 822 2780 legio
861 2710 1227 2779 praefecisset,
1259 2708 1576 2761 existimavi
1611 2726 1865 2759 mearum
1907 2728 2029 2761 esse
2061 2711 2308 2778 partium

677 2806 1031 2866 praevertere,
1081 2797 1270 2865 quoad
1316 2814 1570 2863 possum,
1619 2804 1750 2846 ante
1801 2815 1991 2848 meum
2037 2797 2094 2849 in
2142 2798 2309 2850 Sinas

677 2885 1010 2946 discessum,
1042 2884 1409 2935 incommoda
1448 2900 1574 2949 quae
1605 2900 1671 2933 ex
1710 2882 1809 2934 tali
1849 2882 2146 2951 inopinato
2174 2902 2306 2937 casu

677 2972 833 3024 nasci
907 2979 1160 3039 possent,
1228 2969 1629 3022 constituendo
1688 2969 1809 3037 jam
1876 2989 2029 3024 nunc
2095 2970 2306 3040 aliquid

674 3058 832 3120 certi,
863 3066 918 3110 et
961 3058 1316 3125 designando
1359 3074 1661 3124 personam
1710 3074 1836 3124 quae
1877 3057 2124 3120 interim,
2170 3060 2305 3109 dum

675 3164 707 3197 a
759 3147 943 3197 Roma
989 3163 1021 3195 a
1072 3143 1385 3211 Praeposito
1434 3141 1738 3195 Societatis
1786 3144 2050 3196 Generali
2097 3144 2305 3198 consti-
