2649 3754
375 363 480 414 230
734 361 917 399 LIBER
957 360 1084 399 VIII.
1106 376 1178 382 —
1200 360 1491 399 EPISTOLA
1530 358 1657 398 VIII.

368 499 562 562 fuisse,
639 509 797 567 grate
866 499 1221 568 ingenueque
1288 499 1660 567 profiteberis.
1743 499 1808 549 Id
1878 516 1998 565 spe-

371 587 551 640 ctanti
593 595 648 639 et
690 587 747 637 in
796 605 863 638 eo
909 587 1222 639 elaboranti
1262 587 1383 649 tibi,
1429 594 1487 638 ut
1534 587 1746 638 bonum
1794 601 1893 653 per
1938 591 1994 636 te

366 691 577 725 nomen
646 681 855 725 nostrae
930 672 1233 725 Societat'is
1286 681 1577 740 augeatur,
1637 669 1996 738 persuasissi-

361 776 516 811 mum
564 776 687 811 esse
734 757 1018 819 convenit,
1067 766 1189 810 tum
1233 766 1289 810 te
1333 758 1608 809 duntaxat
1649 763 1987 807 navaturum

359 845 415 897 in
463 844 571 897 hoc
618 862 848 913 operam
898 853 951 896 et
999 845 1114 897 voti
1173 845 1293 913 ejus
1340 851 1665 912 compotem
1717 841 1987 903 futurum,

356 951 486 985 cum
541 933 740 1001 ingens
794 932 1172 995 demissioni5‚
1230 940 1283 985 et
1337 930 1698 984 alienissimae
1752 948 1783 982 a
1837 927 1985 982 fastu

356 1018 511 1072 omni
572 1018 866 1071 modestiae
919 1018 1131 1086 passim
1186 1017 1475 1085 specimen
1518 1015 1853 1083 praebueris;
1907 1023 1986 1067 et-

355 1104 506 1158 enim
551 1104 644 1173 qui
690 1113 746 1157 te
786 1123 915 1156 vere
954 1104 1225 1156 humilem
1268 1104 1564 1171 aspicient,
1605 1113 1659 1155 et
1697 1102 1778 1154 tui
1817 1119 1986 1169 quem

353 1192 664 1253 intuentur,
729 1198 967 1242 caeteros
1030 1208 1173 1258 quos
1227 1208 1340 1241 non
1393 1190 1606 1251 vident,
1662 1188 1848 1240 socios
1901 1205 1984 1239 ar-

352 1277 714 1330 bitrabuntur
766 1295 890 1328 esse
943 1277 1174 1339 similes,
1219 1295 1412 1328 veram
1457 1276 1671 1328 scilicet
1716 1274 1984 1326 informa-

350 1365 492 1416 bunt
546 1364 733 1415 ideam
791 1363 1205 1431 Religiosorum
1264 1363 1568 1415 Societatis
1620 1364 1776 1432 JeSU‚
1828 1362 1983 1413 insti-

349 1457 651 1518 tutumque
691 1448 747 1502 id
777 1449 1106 1517 impertierit
1147 1468 1231 1511 ea,
1268 1467 1439 1518 quam
1483 1447 1857 1517 despicientia
1900 1446 1984 1500 sui

351 1536 512 1590 facile
559 1555 591 1589 a
638 1536 929 1604 quibusvis
980 1536 1266 1604 impetrat,
1316 1535 1729 1604 approbatione
1777 1534 1983 1603 gratia-

360 1643 487 1692 que.

428 1713 559 1766 Una
606 1730 672 1763 ea
718 1711 808 1763 via
855 1720 939 1764 est
987 1711 1154 1764 famae
1211 1711 1515 1764 Societatis
1569 1711 1983 1780 propagandae;

354 1799 504 1867 quod
550 1798 768 1850 facilius
812 1798 1109 1866 intelliges,
1150 1798 1195 1850 si
1226 1798 1551 1850 memineris
1589 1816 1703 1861 e05‚
1745 1815 1840 1865 qui
1878 1797 1987 1865 pri-

353 1884 429 1937 mi
473 1884 759 1938 laboribus
805 1884 860 1937 in
907 1884 1180 1939 Ecclesiae
1229 1884 1564 1954 obsequium
1610 1884 1985 1953 suscipiendis

351 1971 482 2024 huic
533 1972 734 2025 Ordini
782 1972 1173 2026 celebritatem
1217 1981 1574 2041 pepererunt,
1625 1973 1882 2026 omnium
1928 1972 1983 2024 id

352 2058 582 2127 quidem
644 2060 912 2112 exercitio
974 2060 1267 2123 virtutum,
1319 2061 1416 2112 sed
1464 2060 1748 2128 praecipue
1796 2059 1978 2127 negle-

352 2154 477 2198 ctus
530 2144 796 2199 humanae
849 2146 1061 2214 glorias,
1118 2167 1183 2199 ac
1231 2147 1315 2199 sui
1370 2148 1752 2215 depressione,
1809 2166 1978 2215 quam

346 2241 680 2283 caeterarum
754 2233 1190 2284 fundamentum
1244 2237 1652 2302 agnoscebant,
1709 2235 1979 2302 exemplis

345 2319 552 2387 ubique
617 2320 946 2370 clarissimis
1011 2323 1246 2373 edendis
1305 2323 1361 2373 id
1429 2322 1599 2373 fuisse
1665 2328 1976 2373 assecutos

350 2407 475 2459 Hos
515 2414 575 2459 tu
615 2407 913 2471 imitandO,
958 2416 1012 2461 et
1053 2415 1109 2461 te
1151 2408 1386 2476 dignum
1429 2409 1538 2462 isto
1580 2407 1811 2461 nomine
1851 2425 1977 2475 pro-

342 2492 523 2554 babis,
573 2500 627 2545 et
675 2493 797 2559 ejus
844 2493 1325 2547 existimationem
1374 2494 1762 2561 promovebis;
1825 2493 1976 2545 aliud

346 2578 453 2631 iter
520 2580 812 2647 sequendo
866 2580 1156 2633 aberrares
1224 2580 1504 2643 videlicet,
1569 2600 1634 2633 ac
1697 2581 1848 2648 quod
1905 2580 1982 2640 illi

348 2673 787 2718 construxerunt
817 2677 1117 2719 everteres,

405 2753 555 2803 Ante
618 2754 810 2805 omnia
864 2764 1154 2806 memento
1208 2755 1610 2807 auctoritatem
1665 2755 1815 2823 apud
1848 2763 1969 2823 ‘po-

332 2839 545 2907 pulum,
594 2842 951 2909 gratiamque
1000 2860 1065 2894 ac
1112 2843 1374 2909 plausum
1419 2842 1815 2904 multitudinis,
1865 2842 1971 2893 Dei

333 2925 506 2978 solius
561 2927 775 2979 donum
836 2945 976 2990 esse,
1033 2929 1183 2996 quod
1240 2928 1328 2980 ille
1383 2927 1684 2996 largiturus
1739 2928 1810 2980 sit
1865 2927 1971 2979 illis

334 3013 614 3066 duntaxat
684 3032 826 3081 quos
879 3033 945 3066 ea
998 3015 1272 3067 virtutum
1330 3015 1616 3067 soliditate
1674 3015 1972 3066 roboratos

329 3098 538 3160 videat,
606 3107 664 3152 ut
729 3118 826 3152 eos
874 3100 1001 3168 jure
1065 3101 1317 3155 confidat
1374 3101 1483 3153 isto
1549 3109 1669 3154 tam
1739 3099 1980 3167 insignis
