2639 3798
654 347 838 386 LIBER
874 346 952 385 VI.
973 362 1045 369 --
1065 346 1102 384 E
1116 344 1363 384 PISTOLA
1408 345 1461 383 V.

1807 347 1876 400 39

249 488 375 542 ritia
453 505 622 556 quam
692 494 961 555 pararunt
1030 486 1290 554 expedite
1359 492 1595 539 utuntur
1659 502 1866 554 cogno-

248 576 471 629 scendis
531 575 861 644 plerumque
914 572 1137 641 scriptis
1183 570 1451 639 mysteria
1483 570 1729 624 Christi>
1771 570 1866 624 de-

247 662 607 724 clarantibUS‚
666 668 720 715 et
776 660 1008 728 psalmis
1065 677 1130 713 ac
1190 658 1408 712 caeteris
1466 656 1865 711 ecclesiasticis

243 746 664 819 precationibus
730 753 880 797 stata
945 752 1081 812 quot
1149 744 1347 797 diebus
1409 742 1547 797 hora
1611 761 1640 798 e
1697 760 1861 798 sacro

244 837 384 889 libro
435 833 756 888 recitandis·
828 834 993 904 Quod
1047 841 1279 903 agentes
1331 850 1459 884 cum
1520 830 1857 902 interrogas·

245 941 364 975 sem
450 920 770 990 aliquandO,
857 937 1026 988 quam
1113 920 1432 973 istiusmodi
1507 919 1856 973 voluminum

246 1017 464 1080 partem
536 1007 750 1077 majore
820 1006 993 1057 animi
1069 1015 1234 1075 gustu
1311 1025 1340 1057 e
1416 1006 1614 1058 charta
1684 1005 1861 1059 oculis

245 1094 499 1163 subjecta
543 1094 992 1162 pronuntiarent,
1040 1094 1478 1162 responderunt:
1543 1093 1858 1147 Historiam

242 1188 655 1235 tormentorum
725 1187 781 1233 et
832 1179 986 1233 necis
1049 1178 1279 1233 Christi.
1348 1180 1425 1233 Et
1489 1179 1659 1234 fidem
1718 1179 1855 1234 dicti

242 1267 376 1322 facit
439 1267 590 1336 quod
654 1283 751 1320 eos
813 1266 1057 1321 vidimus
1121 1285 1235 1321 non
1300 1268 1481 1321 solum
1536 1267 1726 1329 omnia
1781 1277 1856 1321 te-

245 1372 392 1406 nerae
452 1350 963 1405 commiserationis
1023 1351 1183 1421 signa
1245 1352 1409 1406 edere
1470 1353 1541 1406 ad
1601 1353 1859 1421 quamvis

245 1441 387 1492 forte
443 1440 691 1491 oblatam
750 1439 982 1490 Domini
1036 1441 1173 1510 Jesu
1230 1439 1487 1492 dolorum
1540 1458 1606 1492 ac
1658 1440 1857 1494 mortis

243 1526 591 1580 mentionem
642 1533 740 1578 aut
791 1525 1260 1589 recordationem,
1315 1527 1415 1579 sed
1474 1526 1618 1580 ultro
1681 1527 1855 1581 etiam

243 1618 309 1666 eo
361 1613 614 1666 animum
668 1611 871 1665 referre
923 1612 1272 1682 subindeque
1323 1631 1623 1676 recurrere,
1678 1621 1734 1667 et
1794 1632 1859 1668 ea

244 1700 695 1754 consideratione
759 1716 1050 1768 nunquam
1115 1717 1228 1752 non
1292 1700 1638 1753 commoveri
1693 1700 1860 1753 vehe-

246 1795 481 1842 menter.
558 1788 839 1856 Tempore
890 1786 1036 1840 illius
1089 1786 1378 1851 menstrui,
1433 1787 1503 1840 de
1555 1805 1669 1857 quo
1726 1788 1859 1852 dixi,

247 1878 386 1930 Goae
437 1893 709 1939 secessuS‚
764 1874 919 1927 miris
971 1874 1093 1927 illos
1145 1875 1460 1928 coelestium
1514 1875 1859 1928 suavitatum

246 1963 502 2031 perfundi
565 1962 803 2032 gaudiiS,
870 1970 924 2015 et
990 1962 1046 2013 in
1110 1962 1300 2014 dulces
1367 1980 1516 2031 saepe
1582 1963 1859 2031 lacrymas

246 2050 446 2101 resolvi
501 2049 853 2101 videbamus„

316 2137 465 2189 Ante
540 2153 706 2204 porro
783 2153 952 2204 quam
1031 2133 1087 2188 in
1163 2153 1229 2188 ea
1310 2134 1858 2190 commentationum

246 2222 615 2276 asceticarum
666 2222 928 2290 palaestra
982 2229 1390 2286 exercerentur,
1438 2222 1690 2291 pluribus
1738 2221 1861 2275 illos

249 2308 536 2361 mensibus
605 2317 968 2361 tenueramus
1038 2308 1093 2360 in
1165 2308 1452 2361 memoriae
1523 2308 1862 2361 mandandis

248 2394 495 2447 articulis
561 2394 881 2448 christianae
948 2395 1094 2457 fidei,
1165 2394 1446 2463 mysteriis
1508 2395 1639 2447 vitae
1701 2393 1860 2447 Chri·

249 2480 336 2543 sti,
400 2500 569 2532 causa
621 2479 1024 2532 incarnationis
1078 2479 1205 2532 Filii
1261 2479 1366 2532 Dei
1419 2479 1475 2532 in
1528 2487 1688 2533 utero
1743 2479 1859 2532 Ma-

247 2566 341 2620 riae
394 2568 659 2635 Virgini5‚
706 2585 773 2620 ac
817 2575 939 2621 tota
983 2568 1199 2621 ratione
1245 2568 1617 2636 reparationis
1662 2567 1857 2620 huma-

248 2652 301 2704 ni
352 2648 589 2724 generis,
647 2652 879 2706 Domini
928 2655 1064 2725 Jesu
1119 2661 1299 2707 morte
1346 2660 1551 2722 sponte
1596 2661 1860 2722 suscepta

245 2751 597 2811 perpetratae,
654 2752 843 2796 mente
895 2743 1448 2813 comprehendenda.
1529 2742 1748 2812 Saepius
1792 2762 1859 2795 ex

246 2827 323 2880 eis
374 2837 739 2898 percontatus
792 2847 934 2892 sum,
989 2848 1248 2898 quaenam
1303 2848 1379 2900 ex·
1414 2831 1678 2884 omnibus
1723 2831 1860 2899 legis

246 2915 565 2970 christianae
606 2918 976 2970 sacramentis
1022 2937 1122 2969 usu
1171 2917 1308 2987 ipsis
1355 2917 1664 2970 salubriora
1708 2918 1859 2970 vide-

248 3005 471 3056 rentur?
554 3005 899 3057 Constanter
950 3006 1359 3073 responderunt
1422 3005 1669 3073 palmam
1722 3023 1858 3073 prae-

248 3091 486 3154 stantiae,
553 3093 624 3144 ob
689 3107 917 3147 causam
983 3091 1242 3148 utilitatis
1307 3101 1360 3144 et
1423 3091 1860 3146 universalitatis
