2649 3754
665 360 770 429 164
1060 374 1247 413 LIBER
1283 351 1413 412 vm.
1434 389 1507 396 —
1527 374 1821 413 EPISTOLA
1860 376 1899 413 1.

661 499 935 578 optabam
990 512 1324 575 docuerunt,
1381 512 1488 565 scit
1554 514 1711 565 Deus
1766 512 2052 564 Dominus
2106 519 2301 565 noster

662 603 878 665 quanta
921 614 1112 651 meum
1156 598 1413 652 animum
1456 598 1750 667 voluptate
1797 598 2224 667 compleverint.

738 682 950 734 Multas
991 685 1256 751 equidem
1300 685 1358 735 in
1401 685 1469 736 iis
1506 685 1758 752 jucunde
1800 685 1909 752 legi
1953 684 2295 737 suavitatem

664 770 948 840 spirantes
993 781 1151 825 tuam
1206 773 1594 842 pietatemque
1649 772 1993 825 sententias:
2055 791 2198 842 quas
2244 781 2299 826 et

663 859 976 912 identidem
1042 860 1227 913 fructu
1292 861 1469 912 animi
1534 861 1645 913 mei
1705 861 1993 929 praecipuo
2051 869 2299 913 retracto

666 956 858 1002 mente
900 967 1152 1012 versanS,
1200 957 1254 1002 et
1294 949 1722 1017 quodammodo
1766 956 1995 1018 regusto
2010 967 2021 1010 3
2065 967 2298 1018 praeser-

664 1034 770 1088 tim
816 1044 1008 1088 autem
1055 1035 1148 1088 illa
1194 1043 1448 1089 extrema
1488 1035 1678 1099 verba,
1724 1035 1929 1104 quibus
1971 1035 2124 1088 velut
2168 1034 2298 1089 cha-

666 1120 1139 1191 ritatisquodam
1181 1121 1365 1190 sigillo
1405 1121 1705 1190 epistolam
1747 1122 2100 1191 obsignasti:¹
2140 1123 2300 1175 Totus

668 1214 801 1271 tuus,
866 1209 993 1260 adeo
1044 1215 1102 1260 ut
1151 1209 1296 1259 nullo
1359 1226 1591 1277 unquam
1654 1214 1872 1278 tempore
1935 1209 2172 1260 oblivisci
2223 1210 2302 1260 tui

654 1295 869 1366 possim.
945 1296 1210 1366 Ignatius.
1291 1296 1433 1365 Quae
1486 1314 1591 1364 ego
1638 1303 1699 1347 ut
1747 1295 1858 1348 illic
1912 1314 2041 1348 cum
2095 1296 2297 1348 dulcis-

667 1382 827 1435 simis
887 1382 1154 1451 lacrymis
1215 1383 1341 1451 legi,
1407 1383 1487 1435 ita
1549 1391 1605 1436 et
1656 1384 1798 1435 flens
1860 1383 1952 1436 hic
2019 1384 2297 1447 describO,

665 1486 940 1523 revocans
979 1468 1378 1523 suavissimam
1422 1468 1759 1524 memoriam
1788 1469 2064 1539 temporis
2104 1469 2298 1540 elapsi,

665 1563 722 1609 et
759 1554 907 1609 illius
951 1555 1156 1610 sinceri
1185 1575 1250 1610 ac
1280 1556 1464 1610 sancti
1508 1556 1738 1620 amoriS,
1785 1575 1897 1625 quo
1942 1575 2032 1610 me
2076 1575 2302 1626 semper

666 1643 960 1713 amplexus
1003 1663 1155 1697 nunc
1199 1663 1425 1713 quoque
1468 1644 1855 1713 prosequeris3
1914 1651 2301 1714 praetereaque

667 1739 939 1801 reputans
986 1750 1077 1784 me
1129 1750 1196 1783 ex
1248 1739 1334 1784 tot
1388 1731 1495 1784 illis
1547 1739 1719 1800 atque
1772 1731 2096 1800 ingentibus
2147 1732 2300 1786 labo-

667 1817 823 1870 ribus
874 1817 1251 1886 periculisque
1301 1817 1563 1887 Japoniae
1616 1836 1649 1869 a
1704 1818 1846 1881 De0,
1910 1817 2023 1869 tuis
2075 1818 2300 1887 potissi-

670 1922 828 1957 mum
880 1903 1142 1973 precibus
1203 1903 1411 1956 inflexo
1471 1903 1733 1972 votisque
1794 1904 1851 1956 in
1907 1922 1997 1956 me
2048 1906 2301 1973 paternis

668 1992 1117 2054 obsecundante,
1162 1990 1334 2043 fuisse
1379 1990 1700 2044 liberatum.

741 2080 1053 2149 Nunquam
1119 2078 1433 2148 exprimere
1486 2078 1789 2131 scribendo
1842 2097 2071 2148 possem
2126 2098 2300 2150 quan-

662 2174 788 2222 tum’
833 2167 1073 2220 debeam
1114 2167 1452 2238 JaponibuS,
1498 2166 1964 2236 quandoquidem
2009 2167 2066 2220 in
2100 2185 2294 2221 eorum

666 2254 910 2325 gratiam
957 2254 1241 2309 Dominus
1284 2261 1479 2309 noster
1521 2253 1672 2308 clara
1715 2273 1805 2309 me
1851 2253 2057 2309 notitia
2099 2254 2301 2311 intime

666 2342 871 2397 imbuit
913 2342 1409 2396 innumerabilium
1454 2342 1747 2411 culparum
1790 2361 2064 2397 mearum.
2146 2344 2297 2397 Nam

668 2429 946 2484 hactenus
983 2448 1231 2498 evagans
1268 2436 1426 2482 extra
1454 2448 1563 2492 me,
1603 2429 1914 2498 quamdam
1950 2429 2104 2483 velut
2138 2431 2300 2501 abys-

668 2533 796 2568 sum
855 2517 1135 2569 malorum
1187 2517 1245 2567 in
1299 2534 1426 2567 mea
1478 2516 1832 2568 conscientia
1889 2517 2117 2585 penitus
2168 2536 2300 2570 con-

669 2604 849 2657 ditam
895 2620 1011 2656 non
1057 2620 1484 2672 perspexeram:
1536 2603 1725 2672 quoad
1771 2602 1829 2655 in
1876 2603 1984 2656 illis
2031 2604 2302 2657 aerumnis

667 2697 723 2744 et
776 2690 1083 2759 angoribus
1143 2689 1406 2760 Japoniae
1464 2689 1676 2758 apertis
1728 2689 2036 2757 aliquando
2089 2691 2302 2743 mentis

666 2776 863 2840 oculiS,
907 2776 1064 2829 dedit
1101 2775 1240 2827 mihi
1282 2776 1467 2828 bonus
1512 2774 1796 2827 Dominus
1840 2775 2143 2829 manifeste
2186 2795 2301 2830 cer-

667 2881 818 2928 nere,
866 2882 932 2917 ac
977 2862 1139 2933 quasi
1192 2861 1490 2932 praesentis
1543 2861 1907 2931 experientiae
1961 2880 2131 2917 sensu
2174 2870 2301 2918 tan-

666 2969 815 3020 gere,
864 2968 1036 3020 quam
1088 2949 1252 3002 valde
1305 2949 1691 3003 necessarium
1744 2948 1884 3001 mihi
1937 2949 2009 3002 sit
2062 2950 2303 3004 existere

666 3036 913 3108 aliquem
979 3036 1074 3106 qui
1138 3043 1527 3106 perattentam
1591 3053 1804 3106 perque
1868 3035 2122 3088 sedulam
2191 3036 2302 3089 mei

667 3141 860 3178 curam
905 3132 1082 3193 gerat.
