2665 3754
705 322 812 390 366
1108 338 1293 378 LIBER
1332 338 1407 378 1x.
1430 353 1502 360 —
1523 338 1815 379 EPISTOLA
1855 339 1931 378 1v.

708 470 755 522 F
759 469 874 523 axit
915 470 1071 523 Deus
1110 478 1171 524 ut
1210 471 1626 540 Amangucium
1668 471 1806 524 salvi
1846 471 2197 540 perveniant,
2238 473 2333 526 ubi

705 557 953 609 Cosmus
1007 567 1093 610 est
1145 559 1459 611 Turrianus
1509 578 1637 611 cum
1681 560 1904 631 Joanne
1949 558 2332 612 Ferdinando.

704 645 831 711 Ego
871 646 1023 712 apud
1065 663 1155 699 me
1194 647 1425 700 Socium
1467 664 1641 700 unum
1685 655 1740 700 et
1782 647 2093 700 Antonium
2137 647 2334 701 Sinam

699 730 924 783 retinui.
981 732 1167 784 Ambo
1209 733 1455 803 graviter
1501 741 1801 803 aegrotant,
1833 753 1962 785 cum
2004 752 2212 802 magna
2247 733 2332 786 vel

700 818 953 886 ipsorum
999 820 1262 872 molestia
1307 822 1394 873 vel
1441 838 1586 873 mea.
1668 823 1792 873 Deo
1839 820 2040 889 gratia.

771 905 860 957 Tu
911 912 1106 958 tamen
1162 906 1421 973 proximo
1474 925 1627 959 anno
1680 906 1852 959 alium
1912 906 1968 958 in
2020 905 2328 976 Japoniam

700 991 931 1043 Socium
985 992 1211 1044 mittere
1264 1002 1570 1056 memento,
1631 1012 1801 1062 quem
1864 1001 1918 1044 et
1974 993 2328 1045 sacerdotem

698 1094 821 1130 esse
861 1079 1147 1145 oportebit
1188 1087 1243 1132 et
1284 1079 1626 1141 litteratum;
1676 1080 1886 1132 etenim
1929 1079 1986 1131 in
2022 1079 2326 1148 Japoniam

696 1173 752 1215 et
815 1166 984 1216 Sinas
1047 1166 1150 1216 viri
1212 1166 1495 1235 deligendi
1560 1175 1693 1218 sunt
1759 1166 1913 1218 docti
1979 1174 2035 1217 et
2101 1164 2325 1218 eruditi.

698 1253 865 1321 Quod
918 1253 964 1306 si
1016 1254 1329 1308 sacerdotis
1382 1271 1498 1308 non
1552 1255 1658 1308 erit
1716 1254 1897 1323 copia,
1952 1262 2104 1307 certe
2154 1271 2328 1307 unum

696 1338 942 1407 aliquem
1009 1340 1203 1393 mittes
1269 1340 1649 1410 ingeniosum,
1723 1349 1778 1394 et
1847 1341 1920 1394 ad
1985 1340 2327 1411 Japonicam

696 1426 947 1497 linguam
1001 1428 1412 1480 addiscendam
1467 1429 1764 1491 idoneum3
1829 1437 1884 1479 et
1938 1427 2105 1479 simul
2156 1429 2326 1500 Japo-

697 1514 969 1568 nensibus
1015 1516 1183 1569 sociis
1228 1517 1485 1584 pecuniae
1533 1518 1764 1585 aliquid,
1810 1517 2184 1585 eleemosynae
2232 1533 2326 1569 no-

698 1600 869 1663 mine,
930 1600 1047 1653 sive
1112 1602 1183 1653 ab
1242 1603 1389 1671 regis
1448 1602 1666 1665 aerario,
1727 1601 1844 1654 sive
1906 1602 1977 1653 ab
2040 1601 2329 1655 Sodalitate

693 1689 1092 1752 Misericordiae,
1137 1690 1253 1742 sive
1294 1691 1364 1741 ab
1406 1691 1531 1742 aliis
1570 1691 1678 1759 piis
1718 1690 2045 1742 hominibus
2085 1689 2326 1752 curabis,

695 1782 756 1828 ut
812 1774 1148 1829 miserorum
1202 1775 1421 1830 illorum
1479 1776 1732 1845 inopiam
1791 1783 1963 1844 atque
2016 1782 2328 1844 egestatem

699 1861 889 1931 aliqua
942 1862 1164 1915 ratione
1218 1862 1597 1916 sublevemus.

767 1950 1055 2019 Joannem
1103 1950 1332 2003 Beiram
1379 1950 1437 2002 in
1488 1950 1780 2003 Molucum
1827 1949 2085 2002 remittes
2132 1966 2329 2018 quam·
2399 1990 2402 1992 v

694 2034 942 2102 primum
979 2039 1347 2104 (magnopere
1376 2036 1527 2089 enim
1556 2036 1679 2105 ejus
1711 2035 2015 2104 praesentia
2045 2053 2188 2104 opus
2217 2037 2323 2099 est)

693 2139 806 2172 una
845 2139 973 2173 cum
1018 2140 1120 2173 uno
1161 2123 1337 2191 aliquo
1375 2123 1648 2184 sacerdote,
1694 2122 1739 2173 si
1780 2122 1900 2173 fieri
1939 2121 2168 2189 poterit,
2212 2139 2324 2172 non

692 2213 813 2260 tam
866 2225 898 2260 a
941 2208 1202 2261 doctrina
1255 2226 1427 2277 quam
1480 2226 1513 2261 a
1559 2208 1768 2262 virtute
1822 2208 1962 2261 satis
2015 2207 2321 2268 instructo;

695 2313 828 2345 nam
886 2294 944 2345 in
1001 2293 1229 2347 Moluco
1282 2295 1414 2347 vitae
1472 2294 1728 2362 probitas
1786 2294 1968 2361 magis
2026 2292 2328 2361 requiritur

694 2398 867 2449 quam
932 2398 1119 2433 rerum
1185 2382 1441 2434 scientia.
1525 2381 1770 2433 Proinde
1838 2382 2037 2432 Patres
2101 2379 2196 2449 qui
2261 2394 2327 2429 eo

694 2465 1105 2519 submittentur
1147 2474 1436 2535 spectatos
1478 2484 1601 2519 esse
1647 2484 1751 2534 par
1792 2474 1878 2519 est
1925 2483 1992 2519 ac
2036 2466 2325 2534 probatos.

769 2554 984 2605 Iterum
1042 2554 1145 2606 tibi
1208 2554 1419 2606 mando
1485 2562 1545 2605 ut
1612 2552 1809 2605 sedulo
1870 2571 1997 2621 quae
2059 2552 2211 2620 apud
2271 2557 2327 2603 te

693 2639 892 2709 reliqui
945 2649 1232 2710 praecepta
1285 2658 1615 2694 conserves:
1675 2641 1923 2710 primum
1978 2640 2208 2709 quidem
2262 2655 2327 2690 ea

694 2745 820 2796 quae
894 2728 966 2780 ad
1036 2728 1211 2780 animi
1282 2728 1363 2781 tui
1438 2727 1680 2781 salutem
1757 2745 1823 2781 ac
1900 2725 2325 2796 perfectionem,

694 2814 900 2867 deinde
947 2833 1078 2868 vero
1126 2835 1251 2885 quae
1298 2817 1370 2868 ad
1417 2815 1722 2869 Societatis
1769 2813 2326 2868 administrationem

696 2903 1006 2972 pertinent.

770 2990 830 3042 Si
872 2990 1015 3044 forte
1067 2992 1249 3061 (quod
1292 2992 1449 3043 Deus
1489 2995 1739 3054 avertat)
1790 2991 1846 3042 in
1890 2991 2155 3043 Sinarum
2196 3003 2324 3039 con-

697 3077 977 3132 tinentem
1025 3087 1323 3148 penetrare
1371 3079 1695 3148 nequiverO,
1742 3080 1929 3133 Goam
1976 3078 2126 3133 intra
2173 3090 2324 3129 men-
