2712 3754
836 392 904 443 94
1244 389 1426 427 LIBER
1467 383 1568 427 v11'.
1593 406 1664 410 —
1686 383 1980 426 EPISTOLA
2021 384 2058 424 1.

832 526 1155 595 periclitari,
1212 527 1268 578 in
1331 526 1787 580 Conimbricensi
1864 524 2101 594 collegio
2178 536 2350 594 quam
2410 526 2464 579 in

834 613 963 666 navi
1022 633 1145 668 esse
1206 613 1424 667 malint.
1507 615 1707 685 Itaque
1767 613 2015 667 fervores
2071 612 2304 684 quidam
2359 613 2464 667 vir-

831 702 971 757 tutis
1014 711 1163 765 sunt,
1210 703 1305 771 qui
1349 702 1718 771 refrigescunt
1762 702 1818 755 in
1862 702 1986 770 ipso
2033 700 2233 756 Indico
2279 718 2463 755 cursu,

906 790 1074 859 Quod
1138 790 1181 841 si
1235 789 1328 859 qui
1383 789 1439 841 in
1511 789 1737 843 Indiam
1781 789 2042 842 ardorem
2086 787 2462 857 pertulerunt;

834 877 926 930 ubi
992 877 1361 929 barbarorum
1439 877 1698 945 regiones
1749 883 2121 946 peragrantes
2186 875 2463 944 coeperint

833 982 945 1030 qua
998 963 1266 1015 aerumnis
1327 964 1526 1029 premi,
1596 983 1707 1031 qua
1758 962 2024 1031 periculis
2078 962 2279 1029 urgeri,
2340 981 2463 1029 pro-

834 1048 999 1110 fecto,
1055 1050 1161 1099 nisi
1216 1049 1359 1100 altas
1414 1050 1469 1099 in
1525 1069 1718 1100 eorum
1769 1048 1977 1100 animis
2022 1048 2243 1099 radices
2288 1048 2466 1099 virtus

832 1136 1026 1204 egerit,
1071 1135 1232 1188 facile
1276 1137 1655 1189 succumbunt
1671 1153 1683 1198 ;
1745 1153 1811 1189 ac
1855 1137 2086 1189 demum
2131 1136 2332 1188 ardore
2374 1135 2466 1189 illo

832 1239 1000 1289 quem
1038 1221 1345 1275 attulerant
1386 1222 1678 1286 restincto,
1722 1221 1817 1291 qui
1860 1222 2032 1275 modo
2079 1220 2135 1273 in
2167 1220 2466 1275 Lusitania

832 1327 960 1360 cum
1014 1317 1204 1361 essent
1280 1309 1504 1360 Indiam
1560 1310 1988 1372 adamaverant,
2043 1308 2100 1360 in
2157 1308 2322 1361 India
2370 1309 2460 1361 de-

831 1397 1038 1448 siderio
1080 1404 1347 1449 tenentur
1395 1397 1726 1449 Lusitaniae.
1810 1397 1970 1449 Idem
2018 1395 2301 1463 aliquibus
2343 1412 2463 1448 ves-

831 1492 981 1534 trum
1061 1500 1162 1534 usu
1241 1481 1431 1534 venire
1510 1489 1717 1550 potest,
1791 1481 1886 1552 qui
1959 1480 2121 1534 istius
2193 1480 2464 1533 domicilii

832 1570 997 1621 bonis
1050 1579 1104 1622 et
1160 1570 1478 1622 commodis
1531 1570 1762 1633 assueti,
1819 1587 1969 1622 nunc
2023 1586 2233 1637 magno
2291 1569 2466 1622 animi

831 1657 1031 1709 ardore
1074 1663 1373 1724 conceptO,
1418 1657 1490 1709 ad
1517 1656 1810 1709 venandas
1854 1655 2075 1708 animas
2121 1654 2306 1708 emitti
2348 1672 2467 1723 ges-

831 1742 1007 1802 tiunt3
1070 1749 1127 1794 at
1182 1760 1314 1795 vero
1368 1742 1460 1794 ubi
1516 1742 1572 1794 in
1627 1741 1879 1795 medium
1942 1749 2252 1804 certarnen,
2314 1741 2465 1810 quod

829 1836 1128 1896 tantopere
1194 1837 1484 1896 expetunt,
1552 1836 1787 1880 ventum
1853 1829 1976 1889 erit,
2033 1836 2088 1880 et
2142 1828 2312 1879 ardor
2376 1827 2466 1878 ille

831 1912 1125 1978 refrixerit,
1173 1913 1430 1966 fortassis
1474 1914 1636 1965 istius
1692 1913 1912 1983 collegii
1969 1912 2313 1965 desiderium
2361 1911 2464 1964 fer-

830 2016 888 2051 re
936 2016 1050 2051 non
1098 2007 1388 2068 poterunt.
1469 2000 1691 2054 Videtis
1763 2018 1875 2068 quo
1928 2001 2164 2054 tandem
2219 2000 2464 2052 evadant

829 2084 1000 2138 subiti
1049 2084 1142 2138 isti
1189 2093 1244 2138 et
1292 2084 1581 2138 immaturi
1635 2084 1851 2138 fructus
1899 2084 2232 2138 charitatis?
2295 2104 2465 2153 quam

829 2173 1129 2241 periculosi
1196 2174 1387 2243 magni
1462 2183 1703 2226 conatus
1778 2174 1909 2237 sint,
1977 2174 2085 2226 nisi
2166 2173 2466 2226 conatibus

829 2260 978 2312 vires
1006 2261 1428 2327 respondeant?

904 2346 1026 2399 Nec
1077 2365 1210 2398 vero
1264 2344 1385 2399 haec
1434 2367 1501 2398 eo
1548 2354 1770 2414 spectat
1823 2344 2026 2408 orati0‚
2082 2353 2142 2398 ut
2196 2343 2466 2397 mirificos

828 2441 1047 2485 vestros
1100 2435 1171 2485 ad
1219 2434 1492 2502 pietatem
1547 2434 1796 2502 impetus
1848 2433 2246 2502 comprimam,
2301 2434 2461 2485 ardo-

829 2535 1062 2587 remque
1102 2519 1425 2573 animorum
1464 2537 1497 2573 a
1535 2520 1701 2573 rebus
1742 2519 1934 2573 arduis
1975 2520 2312 2582 deterream,
2356 2536 2467 2588 quo

827 2605 1017 2658 minus
1082 2605 1319 2659 eximios
1399 2626 1499 2659 vos
1563 2606 1875 2682 praebeat-is
1947 2605 2272 2660 christianae
2343 2605 2464 2659 reli-

828 2694 1015 2761 gionis
1076 2703 1504 2762 propagatoreS,
1571 2703 1743 2763 atque
1810 2695 2048 2747 illustria
2110 2695 2338 2748 virtutis
2402 2712 2467 2746 ac

828 2778 1156 2833 sanctitatis
1202 2779 1461 2848 exempla
1507 2780 1751 2848 posteris
1797 2779 2130 2849 relinquatis
2145 2799 2157 2841 3
2201 2781 2301 2833 sed
2343 2788 2465 2834 tan-

829 2874 951 2920 tum
995 2875 1054 2921 ut
1096 2866 1152 2920 in
1195 2868 1362 2921 rebus
1403 2868 1576 2921 etiam
1618 2868 1807 2936 parvis
1849 2867 2040 2936 magni
2083 2868 2190 2937 ipsi
2232 2869 2470 2923 existere

829 2954 1136 3019 conemini,
1205 2964 1259 3009 et
1326 2974 1392 3008 ex
1457 2955 1875 3009 tentationibus
1936 2974 2003 3009 ac
2061 2955 2468 3010 certaminibus

831 3058 962 3095 cum
1026 3043 1306 3105 daemone,
1354 3049 1632 3110 quantum
1679 3042 1734 3095 in
1778 3042 1939 3096 vobis
1982 3042 2186 3096 virium
2231 3042 2303 3096 sit
2347 3059 2468 3110 per-

828 3126 1109 3193 spiciatis;
1193 3127 1543 3195 omninoque
1620 3147 1850 3180 omnem
1923 3147 2102 3195 spem,
2176 3127 2466 3189 fiduciam,
