2639 3798
687 375 872 420 LIBER
909 375 1013 416 VII.
1035 391 1107 399 -·
1128 376 1423 418 EPISTOLA
1465 378 1502 417 Ι.
1841 381 1910 433 93

281 520 365 573 ille
411 516 584 571 etiam
631 535 749 582 θος,
796 516 893 586 qui
938 516 1142 571 litteris
1188 534 1254 571 ac
1297 516 1462 570 bonis
1507 515 1725 569 artibus
1770 516 1911 569 dant

284 621 532 675 operam,
561 610 755 672 petere
784 601 945 657 solet.

351 691 470 745 Oro
533 707 636 743 vos
700 689 874 744 etiam
949 697 1121 759 atque
1196 689 1369 742 etiarn
1443 707 1543 758 per
1616 688 1908 742 Christum

282 780 495 848 Jesum,
526 782 587 829 ut
625 775 682 828 in
711 776 950 845 abjectis
993 784 1165 845 atque
1208 776 1518 828 humilibus
1560 775 1758 827 officiis
1800 776 1910 828 dae-

285 882 508 918 monem
573 863 796 932 egregie
861 880 1128 932 superare
1193 863 1474 917 nitamini.
1583 864 1665 915 Ac
1732 857 1911 915 multo

284 950 452 1003 etiam
519 949 700 1016 magis
773 950 1075 1003 elaboretis
1138 949 1196 1001 in
1260 948 1677 1016 tentationibus
1740 948 1911 1001 vestri

285 1034 529 1090 muneris
570 1034 987 1104 propulsandiS‚
1029 1053 1201 1104 quam
1243 1036 1300 1090 in
1341 1035 1719 1105 suscipiendis
1759 1035 1910 1085 labo·

286 1123 433 1177 ribus
472 1124 744 1191 corporis,
774 1132 836 1177 ut
873 1124 1154 1194 imperata
1196 1121 1437 1175 faciatis.
1519 1122 1719 1190 Neque
1759 1122 1912 1176 enim

284 1214 485 1264 desunt
550 1209 645 1279 qui
711 1209 1059 1265 extrinsecus
1124 1228 1235 1282 suo,
1292 1211 1477 1265 officio
1536 1209 1911 1272 satisfaciant,

285 1296 619 1351 intrinsecus
664 1316 780 1349 non
826 1297 992 1350 item:
1050 1297 1203 1366 quod
1247 1314 1452 1365 pravos
1498 1296 1674 1350 animi
1723 1304 1914 1350 motus

283 1401 556 1448 coercere,
604 1392 659 1440 et
705 1385 1120 1454 impedimenta
1163 1404 1196 1437 a
1238 1384 1501 1438 daemone
1546 1391 1750 1438 contra
1797 1384 1913 1438 offi-

283 1471 427 1524 cium
493 1470 704 1539 injecta
767 1472 861 1525 ad·
904 1472 1310 1526 retardandum
1385 1473 1611 1525 virtutis
1682 1491 1910 1524 cursum

284 1576 568 1612 removere
622 1557 856 1611 minime
910 1557 1163 1612 student.
1243 1560 1429 1628 Atque
1482 1558 1578 1612 isti
1625 1557 1740 1612 fere
1785 1559 1912 1613 tris-

283 1653 396 1699 tem
438 1653 494 1700 et
537 1645 840 1700 sollicitam
881 1644 1059 1699 vitam
1107 1654 1361 1715 agenteS,
1409 1645 1549 1698 nihil
1596 1645 1652 1698 in
1699 1645 1914 1714 pietate

285 1751 346 1787 ac
397 1732 605 1787 virtute
657 1732 1116 1803 progrediuntur.
1197 1735 1385 1786 Nemo
1438 1751 1498 1785 se
1550 1732 1671 1802 ipse
1723 1731 1911 1786 fallat:

287 1839 395 1873 non
441 1828 631 1889 potest
678 1821 979 1890 quisquam
1030 1822 1253 1891 magnis
1298 1821 1356 1874 in
1403 1821 1571 1874 rebus
1623 1820 1912 1884 excellere,

288 1906 378 1975 qui
406 1925 521 1960 non
549 1907 706 1976 prius
732 1906 967 1961 excellat
997 1906 1055 1960 in
1083 1907 1291 1976 parvis·

355 1994 502 2047 Nam
578 2011 708 2048 cum
783 1994 946 2049 multi
1021 1994 1331 2049 multorum
1396 1993 1454 2046 in
1527 1993 1638 2047 hoc
1709 2012 1944 2067 genere·

284 2091 576 2135 versantur
631 2100 866 2145 erroreS,
938 2089 1062 2135 tum
1116 2081 1402 2151 praecipue
1454 2099 1651 2137 eorum
1705 2081 1801 2152 qui
1855 2081 1913 2134 id

285 2175 473 2236 agunt,
521 2176 582 2223 ut
629 2185 729 2238 per
773 2170 1022 2239 speciem
1069 2170 1300 2239 pietatis
1345 2189 1413 2221 ac
1458 2168 1631 2222 studii
1678 2187 1911 2222 conver·

285 2256 580 2309 tendorum
645 2256 987 2321 animorum,
1059 2257 1401 2311 obedientiae
1476 2275 1702 2311 crucem
1778 2276 1916 2309 sane

285 2340 459 2395 levem
499 2342 934 2413 subterfugiant,
1000 2351 1060 2397 ut
1113 2343 1280 2412 longe
1359 2344 1676 2412 graviorem
1738 2344 1911 2397 susci·

285 2427 457 2496 piant.
537 2432 739 2502 Neque
791 2432 1064 2501 cogitant,
1120 2431 1330 2495 miseri,
1379 2430 1475 2501 qui
1527 2450 1703 2501 parvo
1756 2431 1913 2485 oneri

284 2513 508 2571 ferendo
549 2538 665 2573 non
719 2520 808 2583 sit,
864 2519 1044 2573 multo
1098 2518 1287 2572 minus
1333 2536 1605 2588 magnum
1659 2537 1783 2573 esse
1834 2519 1911 2572 la·

286 2608 486 2657 turum.
568 2606 802 2660 Etenim
871 2606 984 2670 isti,
1051 2607 1147 2676 qui
1211 2607 1426 2677 exiguis
1492 2608 1797 2661 virtutibus
1858 2617 1913 2660 et

287 2689 534 2762 obsequii
598 2694 811 2747 viribus
877 2713 1083 2763 magna
1150 2695 1436 2764 suscipere
1503 2695 1732 2765 negotia
1793 2713 1913 2765 ges·

286 2775 447 2844 tiunt,
504 2781 597 2836 ubi
643 2800 703 2836 se
745 2800 933 2835 rerum
981 2782 1129 2834 mole
1177 2782 1430 2836 sentiunt
1477 2783 1742 2852 opprimi,
1790 2792 1912 2838 tum

285 2880 413 2918 vero
454 2885 514 2919 se
558 2869 815 2924 stultitiae
865 2871 1208 2924 damnantes
1250 2889 1396 2923 onus
1438 2870 1736 2940 abjiciunt.
1815 2872 1913 2924 At-

288 2966 390 3017 que
430 2955 601 3007 etiam
643 2976 711 3008 ex
750 2957 836 3020 iis,
880 2957 976 3026 qui
1019 2957 1387 3010 Conimbrica
1423 2959 1820 3017 transmittent
1857 2960 1913 3014 in

291 3035 526 3104 Indiam,
573 3061 770 3096 vereor
809 3062 880 3096 ne
920 3044 1179 3098 nonnulli
1221 3044 1353 3108 sint,
1396 3044 1493 3114 qui
1533 3044 1704 3098 simul
1743 3052 1914 3114 atque

289 3119 509 3178 videant
589 3147 648 3181 se
727 3130 1100 3183 atrocissimis
1179 3131 1397 3185 Oceani
1476 3132 1917 3200 tempestatibus
