2639 3798
730 372 915 415 LIBER
952 377 1079 415 VIII.
1101 394 1173 402 —
1193 378 1486 418 EPISTOLA
1524 379 1577 418 X.
1855 380 1960 433 243

335 526 447 582 est;
518 519 763 573 disertus
823 519 915 573 hic
980 520 1222 574 multum
1286 527 1372 573 est
1434 518 1625 588 lingua
1686 514 1969 587 populari,

335 612 390 660 et
434 605 572 660 satis
618 606 878 661 doctrina
922 608 1271 676 paratus‘ad
1317 607 1597 660 tradenda
1641 602 1970 658 christianis

318 691 618 763 ‘indigenis
696 692 979 746 elementa
1051 692 1200 745 fidei.
1306 691 1521 744 Poterit
1585 681 1728 760 quin*
1785 689 1960 763 etiarn

335 778 549 832 utiliter
589 780 662 832 ad
704 780 976 849 populum
1010 781 1226 844 dicere,
1269 780 1316 832 si
1359 780 1510 849 quod
1558 777 1843 831 interioris
1888 774 1969 829 illi

339 865 673 918 eruditionis
737 867 914 928 deest,
981 866 1159 920 nostri
1219 884 1332 919 non
1385 867 1465 920 ita
1516 873 1577 920 ut
1628 864 1720 918 ille
1770 863 1964 931 lingua

334 952 552 1023 vulgari
602 954 851 1023 prompti
905 962 1224 1024 opportune
1273 952 1592 1023 suppleant,
1640 948 1964 1020 digerendis

337 1036 414 1091 illi
478 1038 829 1107 argumentis
880 1046 936 1093 et
988 1040 1227 1093 materia
1278 1039 1767 1093 subministranda
1829 1053 1962 1090 con-

338 1123 589 1178 cionum.

413 1210 606 1265 Probo.
642 1211 795 1281 quod
838 1211 1111 1281 scripsisti
1155 1213 1226 1266 de
1268 1229 1440 1266 censu
1484 1211 1722 1280 collegii,
1785 1211 1965 1265 videri

338 1296 442 1351 tibi
504 1297 746 1352 fideliter
804 1299 1137 1362 curandum,
1191 1307 1252 1352 ut
1299 1299 1462 1368 juxta
1513 1298 1661 1368 regis
1712 1304 1965 1352 mentem

338 1384 547 1439 tabulis
590 1386 713 1456 ejus
758 1385 1112 1440 fundationis
1158 1387 1536 1456 significatam
1589 1385 1963 1454 expendatur.

343 1471 410 1526 Id
456 1489 561 1542 ego
606 1490 832 1544 quoque
877 1473 958 1529 sic
1004 1473 1240 1528 omnino
1284 1474 1415 1528 volo
1466 1473 1604 1539 fieri,
1659 1480 1781 1528 tum
1834 1471 1967 1543 quia

334 1559 572 1629 justitiae
609 1561 857 1615 officium
892 1561 975 1616 ita
1010 1561 1344 1631 praescribit,
1382 1568 1505 1615 tum
1544 1579 1615 1615 ne
1649 1559 1969 1615 offendatur

338 1646 580 1718 populus
624 1648 1103 1713 animadvertenS,
1158 1649 1309 1720 quod
1362 1648 1529 1712 absit,
1575 1647 1686 1701 hoc
1738 1645 1965 1718 negligi.

341 1733 660 1804 Postquam
693 1742 887 1790 tamen
927 1736 1184 1790 omniurn
1224 1737 1392 1790 istinc
1432 1753 1764 1805 pauperum,
1799 1735 1963 1804 juxta

338 1819 715 1890 diplomatum
777 1822 1109 1892 praescripta
1172 1822 1474 1892 regiorum,
1540 1822 1765 1875 abunde
1828 1838 1961 1875 con·

338 1906 549 1961 sultum
613 1909 1048 1963 necessitatibus
1099 1909 1283 1974 fuerit,
1337 1909 1383 1962 si
1437 1909 1572 1979 quid
1625 1915 1964 1979 superesset,

339 2010 454 2046 non
507 2001 594 2047 est
645 1994 879 2048 dubium
932 1995 1069 2064 quin
1120 2003 1272 2049 recte
1318 2014 1384 2049 ac
1436 2013 1564 2064 rege
1616 2012 1732 2048 non
1787 1994 1968 2048 invito

340 2080 688 2135 conferretur
732 2083 805 2135 ad
845 2083 1132 2151 juvandos
1177 2101 1320 2153 quos
1365 2082 1457 2134 hic
1504 2081 1782 2134 habemus
1827 2100 1964 2151 pau·

336 2182 517 2233 pereS,
581 2168 897 2235 praesertim
955 2168 1082 2223 istic
1139 2175 1305 2223 natos
1357 2176 1413 2224 et
1465 2169 1599 2224 olim
1664 2168 1831 2223 utiles
1881 2167 1964 2223 fu-

338 2261 514 2317 tur05‚
555 2263 617 2306 ut
657 2254 715 2306 in
758 2253 932 2306 Paulo
973 2256 1260 2307 Guzarate
1299 2275 1452 2307 nunc
1490 2253 1781 2323 probatur.

413 2343 601 2411 Quare
654 2342 700 2395 si
752 2361 782 2395 e
833 2343 1100 2396 vestiario
1164 2343 1429 2412 inopibus
1484 2342 1612 2396 istic
1663 2361 1693 2395 e
1745 2340 1966 2412 collegii

338 2428 600 2497 vectigali
639 2429 900 2482 distribui
943 2430 1251 2499 quotannis
1293 2429 1477 2493 solito,
1519 2430 1784 2498 quaedam
1826 2445 1966 2498 pan·

339 2514 396 2568 ni
458 2516 748 2570 volumina
811 2517 936 2570 usui
999 2517 1365 2587 praesentium
1434 2517 1840 2580 redundarent,
1901 2533 1970 2568 ea

336 2620 533 2672 posses
586 2604 811 2658 mittere
859 2604 970 2659 huc
1009 2606 1081 2659 ad
1130 2623 1235 2659 nos
1284 2605 1360 2670 (si
1407 2612 1602 2660 tamen
1652 2604 1774 2658 sine
1828 2621 1962 2674 que-

339 2689 454 2743 rela
491 2689 579 2742 vel
619 2689 930 2742 offensione
969 2690 1304 2760 cujusquam
1344 2690 1401 2743 id
1440 2690 1583 2753 fiat).
1662 2689 1962 2742 Habemus

341 2777 493 2831 enim
534 2778 626 2833 hic
666 2778 1034 2832 seminarium
1074 2779 1432 2832 alumnorum
1479 2777 1684 2847 quibus
1721 2776 1968 2837 vestien-

341 2863 429 2916 dis
472 2872 894 2934 peropportune
939 2864 1272 2918 advenirent
1286 2883 1299 2926 ;
1359 2882 1488 2918 cum
1535 2882 1603 2918 eo
1649 2871 1863 2928 tamen,
1902 2870 1968 2918 ut

342 2950 474 3015 dixi,
521 2959 584 3005 ut
630 2951 768 3004 nihil
820 2951 1128 3021 quidquam
1174 2951 1540 3005 subtrahatur
1585 2949 1820 3004 omnino
1868 2948 1963 3003 ulli

344 3056 650 3108 egenorum
732 3039 1194 3103 Bazainensium,
1272 3038 1476 3108 quibus
1550 3037 1832 3108 primatus
1907 3036 1965 3091 in

346 3144 449 3182 usu
476 3128 640 3184 istius
660 3129 827 3200 regiae
853 3129 1050 3201 gratiae
1078 3129 1148 3182 de
1169 3128 1296 3198 jure
1323 3127 1617 3198 competit.
1678 3124 1964 3199 Quocirca
