2639 3798
626 370 810 409 LIBER
851 371 924 409 IX.
947 388 1019 395 --
1041 370 1334 409 EPISTOLA
1380 370 1455 409 XI.

717 579 1198 640 EPISTOLA
1250 581 1374 640 XI.

509 807 907 869 Francisco
956 807 1255 870 Perezio
1306 807 1465 870 soe.
1513 808 1574 886 J.

295 990 460 1059 Jubet
510 1000 567 1046 ut
615 995 798 1046 relicta
841 995 1057 1047 Malaca
1107 995 1364 1047 Gocinam
1410 996 1664 1064 trajiciat,
1712 997 1857 1065 cujus

218 1084 395 1154 praesit
429 1084 660 1153 collegi0‚
692 1085 947 1153 salutique
979 1086 1284 1134 animarum
1309 1085 1468 1152 juxta
1497 1087 1858 1155 praescriptam

218 1170 508 1239 formulam
553 1169 837 1222 incumbat.

373 1312 679 1365 Francisce
729 1312 939 1373 Perezi,

239 1454 600 1592 MANDO
640 1456 744 1509 tibi
785 1456 842 1508 in
878 1456 1086 1509 virtute
1130 1465 1343 1509 sanctae
1385 1456 1747 1522 obedientiae,
1792 1475 1864 1509 ne

447 1551 578 1612 post
620 1544 770 1597 visas
812 1544 982 1597 hasce
1024 1561 1181 1597 meas
1221 1544 1440 1597 litteras
1479 1544 1699 1597 haereas
1739 1561 1858 1597 am·

228 1628 370 1699 plius
416 1628 671 1692 Malacae,
716 1630 815 1683 sed
859 1629 1281 1699 quamprimum
1330 1628 1543 1698 poteris
1590 1629 1859 1698 expedias

228 1725 282 1769 te
318 1718 388 1768 ad
428 1717 811 1785 navigandum
848 1718 906 1769 in
939 1718 1182 1780 Indiam,
1221 1725 1389 1769 utens
1425 1717 1497 1768 ad
1531 1717 1587 1770 id
1620 1717 1859 1770 navibus

228 1802 481 1871 proxima
525 1802 779 1856 motione
821 1803 1106 1857 soluturis,
1186 1803 1354 1871 Quod
1395 1802 1440 1854 si
1481 1810 1609 1871 post
1650 1803 1853 1857 harum

228 1888 539 1941 discessum
592 1889 880 1958 acciperes
925 1890 1073 1942 hanc
1126 1889 1446 1958 epistolam,
1502 1890 1857 1944 conscendes

229 1974 417 2027 navim
457 1993 583 2044 quae
621 1973 1084 2029 Choromandelo
1119 1973 1398 2028 Cocinum
1439 1974 1658 2036 tendit3
1700 1973 1859 2027 habi-

229 2061 487 2131 tabisque
556 2062 759 2115 Cocini
827 2061 1157 2115 ministeriis
1224 2061 1426 2115 iisdem
1493 2061 1857 2123 concionum,

230 2147 667 2212 confessionum,
703 2157 757 2202 et
792 2147 1000 2202 scholae
1035 2148 1400 2202 catecheticae
1434 2148 1709 2212 intentu5,
1740 2148 1860 2217 qui·

231 2236 333 2289 bus
365 2236 716 2289 exercebaris
750 2236 1005 2300 Malacae,
1041 2235 1298 2289 ordinem
1333 2235 1500 2304 plane
1537 2254 1605 2288 ac
1639 2235 1858 2289 metho-

232 2322 364 2376 dum
418 2339 544 2376 eam
597 2329 819 2385 tenenS‚
875 2339 1047 2390 quam
1093 2322 1196 2376 tibi
1250 2321 1462 2390 scripto
1511 2339 1858 2390 expressam,

232 2428 357 2463 cum
407 2410 629 2463 Malaca
681 2410 738 2462 in
783 2412 1067 2481 Japonem
1119 2409 1416 2472 solverem,
1472 2408 1701 2478 reliqui3
1763 2418 1863 2463 aut

233 2496 274 2548 si
303 2515 474 2566 quam
509 2498 616 2551 loci
645 2497 944 2551 diversitas
978 2497 1355 2552 mutationem
1394 2505 1674 2566 posceret,
1699 2497 1864 2566 juxta

233 2582 529 2637 formulam
564 2602 597 2643 a
631 2602 721 2637 me
757 2585 813 2637 in
843 2584 1067 2652 scriptis
1095 2584 1363 2637 traditam
1395 2584 1653 2637 Antonio
1686 2586 1864 2642 Here·

233 2668 354 2733 diae,
385 2670 475 2723 cui
503 2669 630 2722 volo
667 2677 724 2723 te
762 2670 1065 2723 succedere
1103 2669 1159 2721 in
1188 2687 1321 2722 cura
1356 2677 1412 2723 et
1446 2670 1861 2738 gubernatione

234 2758 448 2828 collegii
490 2759 846 2812 CocinensiS.

305 2846 500 2914 Ipsum
530 2853 721 2900 autem
754 2845 1085 2910 Herediam,
1120 2844 1207 2899 vel
1235 2863 1654 2916 quemcumque
1688 2846 1861 2909 alium

235 2944 360 3001 post
408 2953 598 2987 meum
651 2933 796 2987 forte
848 2933 1161 2986 discessum
1210 2932 1517 2986 Cocinensi
1571 2934 1864 2987 domicilio

236 3022 429 3088 quavis
469 3021 768 3076 occasione
802 3021 1190 3090 praepositum,
1224 3021 1398 3089 jubeo
1435 3021 1630 3079 statim
1669 3022 1741 3076 ab
1779 3021 1869 3075 his

235 3105 451 3178 litteris,
506 3121 562 3163 te
610 3117 988 3175 monstrante,
1035 3107 1188 3173 visis,
1245 3106 1499 3163 conferre
1547 3129 1606 3163 se
1655 3109 1866 3173 Goam,
