2639 3798
630 395 813 434 LIBER
851 393 930 434 v1.
952 410 1023 419 —
1044 392 1334 435 EPISTOLA
1372 398 1475 436 vn.
1794 384 1862 451 63

250 543 547 589 numerata
599 534 655 586 in
695 534 817 604 ejus
861 534 1105 603 pretium
1151 534 1390 603 pecunia
1430 536 1674 603 quae-ad
1713 552 1863 588 sum-

250 640 399 676 mam
456 621 606 673 dotis
659 621 858 690 puellae
916 622 1320 673 absolvendam
1373 621 1714 675 conferatur.
1770 639 1772 641 ’

320 709 507 762 Causa
586 725 686 762 cur
760 709 816 762 id
893 725 1123 762 necesse
1201 708 1274 762 sit
1349 708 1472 762 haec
1548 715 1660 762 est:
1733 708 1866 778 quia

249 791 692 859 Christophorus
757 793 1071 846 Carvallius
1123 812 1189 847 ea
1241 793 1497 848 claritate
1550 794 1728 862 iisque
1779 802 1865 849 est

248 880 464 949 opibuS,
531 887 592 931 ut
657 879 802 931 infra
854 897 1014 931 suam
1069 880 1403 949 dignitatem
1459 878 1742 931 existimet
1799 899 1866 931 ea

248 963 534 1018 functione
598 964 892 1032 implicari,
958 966 1271 1033 praesertim
1338 982 1467 1020 cum
1514 966 1863 1034 jamillum,

248 1062 306 1104 ut
357 1051 488 1114 dixi,
541 1051 887 1103 tumultuum
940 1060 996 1104 et
1047 1051 1315 1104 tricarum
1368 1051 1598 1113 taedeat,
1660 1049 1865 1104 otium-

247 1156 352 1209 que
415 1139 473 1192 in
537 1140 822 1208 conjugiO,
888 1147 942 1193 et
995 1157 1027 1192 a
1079 1140 1380 1208 praeteritis
1430 1139 1716 1192 laboribus
1772 1157 1865 1191 va-

247 1224 527 1277 cationem
581 1231 790 1294 captet.
868 1225 1117 1277 Verebar
1168 1225 1430 1294 equidem
1483 1242 1554 1278 ne
1617 1224 1709 1279 hic
1769 1242 1865 1279 no-

246 1313 348 1365 dus
400 1319 548 1365 esset
601 1312 830 1380 negotii,
887 1329 1003 1364 non
1056 1311 1332 1365 defuturis
1382 1311 1527 1365 forte
1578 1311 1723 1375 istie,
1771 1311 1867 1381 qui

244 1398 425 1452 verbis
488 1407 655 1467 prout
723 1406 929 1451 sonant
996 1398 1324 1467 diplomatis
1391 1398 1741 1461 haerendum,
1810 1406 1867 1451 et

246 1503 344 1555 pro
396 1484 607 1554 scripto
659 1492 858 1538 contra
910 1484 1209 1538 scribentis
1261 1491 1511 1537 mentem
1564 1501 1630 1537 ac
1687 1484 1866 1537 mani-

246 1573 445 1626 festam
511 1572 840 1642 aequitatem
906 1573 1176 1625 standum
1229 1572 1669 1635 contenderent,
1735 1571 1866 1625 ista-

245 1679 349 1729 que
414 1659 698 1713 calumnia
767 1660 913 1728 regis
982 1659 1321 1712 beneficium
1388 1658 1742 1727 intercipere,
1809 1665 1866 1713 et

246 1747 438 1799 orbam
514 1746 788 1815 virginem
867 1763 994 1799 cum
1092 1753 1272 1798 matre
1367 1745 1536 1798 vidua
1625 1744 1868 1799 fortunis

245 1840 491 1887 evertere
543 1834 876 1887 niterentur.
1154 1880 1159 1882 μ

317 1918 458 1989 Ejus
521 1918 741 1990 generis
805 1919 851 1972 si
915 1919 1050 1989 quid
1102 1919 1483 1983 intervenerit,
1537 1920 1705 1989 agite,
1766 1937 1866 1974 oro

245 2023 359 2069 VOS,
426 2015 624 2060 contra
676 2006 1006 2070 incumbite,
1061 2006 1369 2070 conamini,
1423 2007 1579 2058 omni
1631 2014 1863 2060 conten-

244 2093 395 2159 tione
458 2101 690 2158 certate,
755 2112 856 2164 per
905 2112 1007 2146 vos
1060 2093 1183 2163 ipsi,
1237 2111 1338 2163 per
1388 2100 1749 2162 quaestorem,
1809 2101 1865 2147 et

246 2180 290 2231 si
354 2181 514 2248 cujus
565 2181 795 2233 alterius
848 2181 1003 2233 favor
1054 2182 1126 2233 ad
1179 2182 1235 2233 id
1289 2180 1727 2249 suffragatioque
1784 2180 1864 2234 fu-

245 2269 367 2317 tura
436 2270 666 2333 putetur
736 2263 904 2329 utilis,
974 2271 1035 2318 ut
1104 2270 1427 2334 praetorem,
1500 2270 1556 2317 et
1622 2280 1864 2334 quorum

246 2368 309 2401 ea
359 2358 617 2418 potestas
668 2359 771 2413 est,
826 2350 1010 2419 regios
1063 2350 1353 2405 ministros
1405 2350 1748 2418 pertrahatis
1791 2352 1864 2405 ad

245 2436 485 2505 benigne
548 2438 1032 2506 interpretandam
1096 2437 1243 2505 regis
1294 2436 1351 2487 in
1403 2435 1512 2488 hoc
1573 2434 1865 2505 privilegio

246 2523 608 2576 concedendo
672 2522 1043 2592 voluntatem.
1122 2523 1263 2591 Quis
1327 2523 1478 2576 enim
1546 2540 1659 2577 non
1711 2523 1866 2578 videt

246 2606 313 2660 id
369 2610 551 2663 solum
623 2617 912 2679 spectasse
983 2609 1344 2678 majestatem
1415 2609 1555 2679 erS,
1624 2618 1685 2665 ut
1752 2609 1867 2666 filia

248 2696 463 2752 Froezii
516 2717 583 2753 ex
636 2700 895 2753 mercede
946 2698 1094 2768 patri
1140 2698 1332 2752 debita
1377 2699 1867 2768 proficeret?‘nec

245 2784 501 2851 voluisse,
580 2786 625 2841 si
700 2786 821 2840 viro
897 2804 1022 2840 eam
1100 2786 1440 2856 desponderi
1511 2785 1866 2857 contingeret

247 2871 427 2926 minus
491 2882 627 2944 apto
678 2875 750 2927 ad
802 2881 1100 2942 paternam
1153 2873 1666 2934 administrandam
1723 2890 1863 2943 prae-

245 2955 535 3026 secturam,
600 2961 810 3015 idcirco
874 2960 1144 3029 pupillam
1210 2961 1438 3030 inopem
1508 2969 1669 3031 parte
1745 2979 1862 3015 ma-

245 3060 352 3108 gna
402 3046 731 3115 patrimonii
786 3046 1063 3101 mulctari.

315 3133 660 3186 Obtinebitis
738 3152 902 3204 spero
978 3132 1241 3203 equidem
1272 3174 1285 3195 ‚
1367 3133 1492 3185 Deo
1568 3131 1866 3187 defensore
