2639 3798
674 360 855 397 LIBER
891 359 971 396 VI.
992 373 1064 380 —
1085 359 1375 396 EPISTOLA
1411 360 1466 394 V.
1808 356 1873 412 51

264 519 332 551 ex
394 496 517 552 istis
581 497 913 561 oratoribUS,
980 497 1068 551 cui
1131 498 1303 552 dabat
1363 514 1620 567 operam:
1676 497 1874 550 Virum

265 586 583 654 improbum
635 605 702 637 ac
754 584 1043 636 mulierem
1097 604 1340 652 nequam
1386 584 1606 651 pejores
1651 584 1877 638 diabolo

264 688 404 734 esse,
467 672 733 740 quoniam
797 673 948 740 quod
1010 671 1266 725 diabolus
1321 689 1421 740 per
1472 690 1531 723 se
1582 689 1694 723 non
1748 687 1874 739 pos-

266 767 368 819 set,
429 778 529 825 per
589 757 768 810 malos
826 757 977 811 viros
1036 764 1092 812 et
1152 758 1392 813 feminas
1443 765 1650 827 ageret,
1706 765 1765 812 ut
1817 758 1874 810 in

266 844 444 907 furtiS,
508 845 660 898 falsis
719 843 1077 908 testimoniis,
1137 844 1523 913 similibusque
1575 842 1877 898 sceleribus

266 932 529 996 cernitur,
595 951 719 1002 quae
785 932 1009 986 diabolo
1072 933 1345 985 duntaxat
1407 932 1700 994 suadente,
1752 948 1876 999 pra-

264 1017 347 1070 vis
398 1016 720 1071 hominibus
771 1019 1193 1087 exequentibus,
1247 1020 1406 1070 fiunt.
1475 1020 1543 1069 In
1590 1036 1657 1070 eo
1701 1017 1876 1070 ferme

267 1123 465 1158 omnes
517 1104 860 1159 conveniunt
912 1105 1007 1175 qui
1060 1106 1129 1159 de
1178 1104 1493 1177 Japonibus
1545 1122 1670 1174 quae
1727 1103 1879 1157 vide-

267 1201 397 1247 runt
440 1202 689 1258 narrant,
743 1212 865 1245 esse
909 1201 1136 1263 gentem
1180 1192 1604 1261 cupidissimam
1641 1190 1877 1246 sciendi.

270 1280 394 1347 Ego
455 1297 580 1347 quae
643 1298 732 1332 me
794 1297 928 1333 usus
989 1289 1044 1333 et
1105 1280 1449 1349 experientia
1507 1297 1758 1347 praesens
1809 1277 1880 1332 de

266 1364 334 1416 iis
385 1365 655 1428 docuerit,
708 1365 934 1434 copiose
986 1365 1146 1417 vobis
1198 1366 1488 1417 disseram.

341 1448 496 1502 Deus
551 1450 834 1503 Dominus
877 1459 1067 1504 noster
1108 1468 1208 1519 per
1249 1468 1410 1503 suam
1454 1449 1734 1503 infinitam
1779 1449 1880 1502 mi·

270 1538 633 1591 sericordiam
671 1557 774 1591 nos
817 1539 874 1590 in
917 1557 1018 1591 sua
1058 1537 1233 1607 gloria
1274 1536 1601 1605 conjungat,
1646 1554 1778 1590 nam
1822 1534 1879 1590 in

269 1624 374 1676 hac
411 1624 528 1676 vita
563 1624 715 1677 haud
757 1643 892 1678 sane
935 1626 1052 1678 scio
1098 1626 1326 1693 quando
1369 1632 1465 1677 aut
1508 1642 1620 1692 qua
1661 1623 1881 1677 ratione

270 1706 636 1779 conspectum
667 1730 892 1779 sperare
930 1719 1189 1764 mutuum
1220 1709 1521 1778 possimus.
1600 1709 1881 1764 Obedien·

268 1797 368 1849 tia·
408 1804 602 1850 tamen
656 1798 711 1851 id
764 1799 998 1852 efficeret
1031 1805 1251 1867 posset3
1307 1816 1439 1849 nam
1492 1815 1618 1865 quae
1671 1794 1882 1849 difficil-

269 1881 403 1935 lima
476 1883 756 1946 videntur,
830 1884 990 1938 facile
1060 1883 1382 1938 obedientia
1458 1884 1687 1952 quando
1765 1883 1884 1938 vult

270 1972 512 2040 expedit.
591 1973 806 2027 Valete.

343 2116 562 2169 Malaca
615 2117 685 2170 X.
744 2118 864 2171 Kal.
893 2116 1095 2189 §Julias
1146 2119 1312 2171 Anno
1366 2118 1702 2171 MDXLIX.

416 2266 623 2317 Servus
689 2265 901 2318 inutilis
968 2265 1222 2318 omnium
1297 2264 1560 2317 Fratrum
1629 2280 1883 2319 meorum

271 2335 576 2390 Societatis
625 2338 780 2406 Jesu.

1411 2482 1810 2536 FRANCISCUS.
