<?xml version="1.0" encoding="UTF-8"?>
<!DOCTYPE html PUBLIC "-//W3C//DTD XHTML 1.0 Transitional//EN"
    "http://www.w3.org/TR/xhtml1/DTD/xhtml1-transitional.dtd">
<html xmlns="http://www.w3.org/1999/xhtml" xml:lang="en" lang="en">
 <head>
  <title>
</title>
<meta http-equiv="Content-Type" content="text/html;charset=utf-8" />
  <meta name='ocr-system' content='tesseract 3.04.00' />
  <meta name='ocr-capabilities' content='ocr_page ocr_carea ocr_par ocr_line ocrx_word'/>
</head>
<body>
  <div class='ocr_page' id='page_1' title='image "./pts_epistolae_3720-0638_v2/pts_epistolae_3720-0638_v2_0114.png"; bbox 0 0 2639 3798; ppageno 0'>
   <div class='ocr_carea' id='block_1_1' title="bbox 0 314 1786 414">
    <p class='ocr_par' dir='ltr' id='par_1_1' title="bbox 0 314 1786 414">
     <span class='ocr_line' id='line_1_1' title="bbox 0 314 1786 414; baseline 0 0"><span class='ocrx_word' id='word_1_1' title='bbox 0 314 1786 414; x_wconf 95' lang='lat' dir='ltr'>  </span> 
     </span>
    </p>
   </div>
   <div class='ocr_carea' id='block_1_2' title="bbox 0 432 261 669">
    <p class='ocr_par' dir='ltr' id='par_1_2' title="bbox 0 432 261 669">
     <span class='ocr_line' id='line_1_2' title="bbox 0 432 261 589; baseline 0 0"><span class='ocrx_word' id='word_1_2' title='bbox 0 432 261 589; x_wconf 95' lang='lat' dir='ltr'>  </span> 
     </span>
     <span class='ocr_line' id='line_1_3' title="bbox 0 589 87 669; baseline 0 3129"><span class='ocrx_word' id='word_1_3' title='bbox 0 589 87 669; x_wconf 95' lang='lat' dir='ltr'> </span> 
     </span>
    </p>
   </div>
   <div class='ocr_carea' id='block_1_3' title="bbox 0 313 2639 589">
    <p class='ocr_par' dir='ltr' id='par_1_3' title="bbox 0 313 2639 589">
     <span class='ocr_line' id='line_1_4' title="bbox 0 313 2639 414; baseline 0 -100"><span class='ocrx_word' id='word_1_4' title='bbox 0 313 1786 314; x_wconf 95' lang='lat' dir='ltr'> </span> <span class='ocrx_word' id='word_1_5' title='bbox 1888 313 2639 414; x_wconf 95' lang='lat' dir='ltr'>   </span> 
     </span>
     <span class='ocr_line' id='line_1_5' title="bbox 1885 432 2639 589; baseline 0 0"><span class='ocrx_word' id='word_1_6' title='bbox 1885 432 2639 589; x_wconf 95' lang='lat' dir='ltr'>  </span> 
     </span>
    </p>
   </div>
   <div class='ocr_carea' id='block_1_4' title="bbox 674 335 1888 389">
    <p class='ocr_par' dir='ltr' id='par_1_4' title="bbox 674 335 1888 389">
     <span class='ocr_line' id='line_1_6' title="bbox 674 335 1888 389; baseline -0.002 -13"><span class='ocrx_word' id='word_1_7' title='bbox 674 335 857 378; x_wconf 77' lang='lat' dir='ltr'>LIBER</span> <span class='ocrx_word' id='word_1_8' title='bbox 895 337 997 375; x_wconf 86' lang='lat' dir='ltr'>vn.</span> <span class='ocrx_word' id='word_1_9' title='bbox 1021 335 1407 374; x_wconf 80' lang='lat' dir='ltr'>—EPISTOLA</span> <span class='ocrx_word' id='word_1_10' title='bbox 1449 336 1485 372; x_wconf 92' lang='lat'>1.</span> <span class='ocrx_word' id='word_1_11' title='bbox 1786 338 1888 389; x_wconf 81' lang='lat'>105</span> 
     </span>
    </p>
   </div>
   <div class='ocr_carea' id='block_1_5' title="bbox 1485 314 1786 399">
    <p class='ocr_par' dir='ltr' id='par_1_5' title="bbox 1485 314 1786 399">
     <span class='ocr_line' id='line_1_7' title="bbox 1485 314 1786 399; baseline 0 3399"><span class='ocrx_word' id='word_1_12' title='bbox 1485 314 1786 399; x_wconf 95' lang='lat' dir='ltr'> </span> 
     </span>
    </p>
   </div>
   <div class='ocr_carea' id='block_1_6' title="bbox 250 471 1894 3145">
    <p class='ocr_par' dir='ltr' id='par_1_6' title="bbox 250 471 1889 1583">
     <span class='ocr_line' id='line_1_8' title="bbox 261 471 1885 550; baseline -0.004 -19"><span class='ocrx_word' id='word_1_13' title='bbox 261 477 387 550; x_wconf 87' lang='lat' dir='ltr'>gelii</span> <span class='ocrx_word' id='word_1_14' title='bbox 451 474 730 529; x_wconf 89' lang='lat' dir='ltr'>culturam</span> <span class='ocrx_word' id='word_1_15' title='bbox 783 481 950 542; x_wconf 90' lang='lat' dir='ltr'>aptos</span> <span class='ocrx_word' id='word_1_16' title='bbox 1002 482 1345 542; x_wconf 89' lang='lat' dir='ltr'>paratosque</span> <span class='ocrx_word' id='word_1_17' title='bbox 1398 472 1723 537; x_wconf 82' lang='lat' dir='ltr'>viderimus,</span> <span class='ocrx_word' id='word_1_18' title='bbox 1778 471 1885 525; x_wconf 88' lang='lat' dir='ltr'>for-</span> 
     </span>
     <span class='ocr_line' id='line_1_9' title="bbox 250 557 1885 632; baseline -0.001 -16"><span class='ocrx_word' id='word_1_19' title='bbox 250 563 427 618; x_wconf 75' lang='lat' dir='ltr'>tassis</span> <span class='ocrx_word' id='word_1_20' title='bbox 490 562 560 615; x_wconf 88' lang='lat' dir='ltr'>ad</span> <span class='ocrx_word' id='word_1_21' title='bbox 627 560 822 615; x_wconf 87' lang='lat' dir='ltr'>omnia</span> <span class='ocrx_word' id='word_1_22' title='bbox 885 559 1171 630; x_wconf 87' lang='lat' dir='ltr'>praecipua</span> <span class='ocrx_word' id='word_1_23' title='bbox 1234 557 1676 615; x_wconf 87' lang='lat' dir='ltr'>christianorum</span> <span class='ocrx_word' id='word_1_24' title='bbox 1729 577 1885 632; x_wconf 86' lang='lat' dir='ltr'>gym-</span> 
     </span>
     <span class='ocr_line' id='line_1_10' title="bbox 261 645 1887 716; baseline -0.002 -13"><span class='ocrx_word' id='word_1_25' title='bbox 261 647 418 705; x_wconf 90' lang='lat' dir='ltr'>nasia</span> <span class='ocrx_word' id='word_1_26' title='bbox 482 646 700 702; x_wconf 84' lang='lat' dir='ltr'><strong>litteras</strong></span> <span class='ocrx_word' id='word_1_27' title='bbox 764 645 1044 710; x_wconf 82' lang='lat' dir='ltr'>dabimus,</span> <span class='ocrx_word' id='word_1_28' title='bbox 1111 653 1172 700; x_wconf 92' lang='lat' dir='ltr'>ut</span> <span class='ocrx_word' id='word_1_29' title='bbox 1226 645 1556 716; x_wconf 84' lang='lat' dir='ltr'>religionem</span> <span class='ocrx_word' id='word_1_30' title='bbox 1614 655 1670 699; x_wconf 92' lang='lat' dir='ltr'>et</span> <span class='ocrx_word' id='word_1_31' title='bbox 1736 663 1887 699; x_wconf 90' lang='lat' dir='ltr'>scru-</span> 
     </span>
     <span class='ocr_line' id='line_1_11' title="bbox 261 732 1887 810; baseline -0.004 -20"><span class='ocrx_word' id='word_1_32' title='bbox 261 735 452 810; x_wconf 89' lang='lat' dir='ltr'>pulum</span> <span class='ocrx_word' id='word_1_33' title='bbox 508 734 672 788; x_wconf 86' lang='lat' dir='ltr'>nobis</span> <span class='ocrx_word' id='word_1_34' title='bbox 725 740 1050 802; x_wconf 87' lang='lat' dir='ltr'>exemptum</span> <span class='ocrx_word' id='word_1_35' title='bbox 1099 733 1206 784; x_wconf 91' lang='lat' dir='ltr'>illis</span> <span class='ocrx_word' id='word_1_36' title='bbox 1252 732 1605 801; x_wconf 86' lang='lat' dir='ltr'>injiciamus;</span> <span class='ocrx_word' id='word_1_37' title='bbox 1655 735 1887 801; x_wconf 90' lang='lat' dir='ltr'>quando</span> 
     </span>
     <span class='ocr_line' id='line_1_12' title="bbox 260 810 1887 888; baseline -0.003 -10"><span class='ocrx_word' id='word_1_38' title='bbox 260 810 531 879; x_wconf 76' lang='lat' dir='ltr'>virtutum</span> <span class='ocrx_word' id='word_1_39' title='bbox 578 839 808 875; x_wconf 88' lang='lat' dir='ltr'>suarum</span> <span class='ocrx_word' id='word_1_40' title='bbox 855 839 922 872; x_wconf 88' lang='lat' dir='ltr'>ac</span> <span class='ocrx_word' id='word_1_41' title='bbox 968 821 1356 873; x_wconf 82' lang='lat' dir='ltr'>doctrinarum</span> <span class='ocrx_word' id='word_1_42' title='bbox 1400 819 1680 888; x_wconf 81' lang='lat' dir='ltr'>praesidiis</span> <span class='ocrx_word' id='word_1_43' title='bbox 1726 818 1887 873; x_wconf 86' lang='lat' dir='ltr'>facile</span> 
     </span>
     <span class='ocr_line' id='line_1_13' title="bbox 260 894 1887 974; baseline -0.004 -9"><span class='ocrx_word' id='word_1_44' title='bbox 260 918 422 966; x_wconf 89' lang='lat' dir='ltr'>tanto</span> <span class='ocrx_word' id='word_1_45' title='bbox 486 894 853 961; x_wconf 91' lang='lat' dir='ltr'>incommodo</span> <span class='ocrx_word' id='word_1_46' title='bbox 918 906 1142 960; x_wconf 91' lang='lat' dir='ltr'>obviam</span> <span class='ocrx_word' id='word_1_47' title='bbox 1208 906 1287 958; x_wconf 89' lang='lat' dir='ltr'>ire</span> <span class='ocrx_word' id='word_1_48' title='bbox 1340 914 1593 974; x_wconf 83' lang='lat' dir='ltr'>possent,</span> <span class='ocrx_word' id='word_1_49' title='bbox 1649 914 1705 959; x_wconf 90' lang='lat' dir='ltr'>et</span> <span class='ocrx_word' id='word_1_50' title='bbox 1763 907 1887 962; x_wconf 90' lang='lat' dir='ltr'>bar-</span> 
     </span>
     <span class='ocr_line' id='line_1_14' title="bbox 262 992 1889 1050; baseline -0.002 1"><span class='ocrx_word' id='word_1_51' title='bbox 262 1000 429 1050; x_wconf 90' lang='lat' dir='ltr'>baros</span> <span class='ocrx_word' id='word_1_52' title='bbox 492 992 936 1047; x_wconf 89' lang='lat' dir='ltr'>innumerabiles</span> <span class='ocrx_word' id='word_1_53' title='bbox 1008 992 1079 1045; x_wconf 94' lang='lat' dir='ltr'>ad</span> <span class='ocrx_word' id='word_1_54' title='bbox 1152 992 1483 1047; x_wconf 88' lang='lat' dir='ltr'>Conditoris</span> <span class='ocrx_word' id='word_1_55' title='bbox 1556 992 1889 1047; x_wconf 87' lang='lat' dir='ltr'>Salvatoris-</span> 
     </span>
     <span class='ocr_line' id='line_1_15' title="bbox 263 1078 1888 1153; baseline -0.003 -17"><span class='ocrx_word' id='word_1_56' title='bbox 263 1101 368 1153; x_wconf 91' lang='lat' dir='ltr'>que</span> <span class='ocrx_word' id='word_1_57' title='bbox 433 1080 519 1135; x_wconf 90' lang='lat' dir='ltr'>sui</span> <span class='ocrx_word' id='word_1_58' title='bbox 572 1078 958 1149; x_wconf 85' lang='lat' dir='ltr'>cognitionem</span> <span class='ocrx_word' id='word_1_59' title='bbox 1011 1086 1066 1131; x_wconf 90' lang='lat' dir='ltr'>et</span> <span class='ocrx_word' id='word_1_60' title='bbox 1119 1078 1333 1131; x_wconf 88' lang='lat' dir='ltr'>cultum</span> <span class='ocrx_word' id='word_1_61' title='bbox 1391 1079 1708 1130; x_wconf 84' lang='lat' dir='ltr'>traducere.</span> <span class='ocrx_word' id='word_1_62' title='bbox 1790 1080 1888 1131; x_wconf 89' lang='lat' dir='ltr'>Ni-</span> 
     </span>
     <span class='ocr_line' id='line_1_16' title="bbox 265 1164 1888 1235; baseline -0.002 -12"><span class='ocrx_word' id='word_1_63' title='bbox 265 1169 492 1223; x_wconf 42' lang='lat' dir='ltr'>mirum,</span> <span class='ocrx_word' id='word_1_64' title='bbox 522 1168 593 1219; x_wconf 87' lang='lat' dir='ltr'>ad</span> <span class='ocrx_word' id='word_1_65' title='bbox 664 1165 787 1219; x_wconf 92' lang='lat' dir='ltr'>illos</span> <span class='ocrx_word' id='word_1_66' title='bbox 839 1174 1134 1234; x_wconf 82' lang='lat' dir='ltr'>tamquam</span> <span class='ocrx_word' id='word_1_67' title='bbox 1188 1166 1260 1217; x_wconf 91' lang='lat' dir='ltr'>ad</span> <span class='ocrx_word' id='word_1_68' title='bbox 1314 1164 1632 1233; x_wconf 79' lang='lat' dir='ltr'>superiores</span> <span class='ocrx_word' id='word_1_69' title='bbox 1679 1184 1745 1217; x_wconf 92' lang='lat' dir='ltr'>ac</span> <span class='ocrx_word' id='word_1_70' title='bbox 1792 1184 1888 1235; x_wconf 93' lang='lat' dir='ltr'>pa-</span> 
     </span>
     <span class='ocr_line' id='line_1_17' title="bbox 260 1251 1883 1327; baseline -0.002 -17"><span class='ocrx_word' id='word_1_71' title='bbox 260 1262 446 1327; x_wconf 81' lang='lat' dir='ltr'>rentes</span> <span class='ocrx_word' id='word_1_72' title='bbox 511 1254 840 1315; x_wconf 80' lang='lat' dir='ltr'>scribemuS,</span> <span class='ocrx_word' id='word_1_73' title='bbox 908 1261 968 1305; x_wconf 94' lang='lat' dir='ltr'>ut</span> <span class='ocrx_word' id='word_1_74' title='bbox 1023 1270 1126 1304; x_wconf 89' lang='lat' dir='ltr'>nos</span> <span class='ocrx_word' id='word_1_75' title='bbox 1178 1251 1425 1304; x_wconf 88' lang='lat' dir='ltr'>habeant</span> <span class='ocrx_word' id='word_1_76' title='bbox 1478 1252 1535 1303; x_wconf 92' lang='lat' dir='ltr'>in</span> <span class='ocrx_word' id='word_1_77' title='bbox 1599 1252 1883 1306; x_wconf 87' lang='lat' dir='ltr'>minorum</span> 
     </span>
     <span class='ocr_line' id='line_1_18' title="bbox 259 1328 1887 1407; baseline -0.001 -12"><span class='ocrx_word' id='word_1_78' title='bbox 259 1328 493 1395; x_wconf 80' lang='lat' dir='ltr'>fratrum</span> <span class='ocrx_word' id='word_1_79' title='bbox 556 1340 701 1402; x_wconf 91' lang='lat' dir='ltr'>loco,</span> <span class='ocrx_word' id='word_1_80' title='bbox 769 1347 824 1392; x_wconf 90' lang='lat' dir='ltr'>et</span> <span class='ocrx_word' id='word_1_81' title='bbox 889 1339 1056 1391; x_wconf 89' lang='lat' dir='ltr'>simul</span> <span class='ocrx_word' id='word_1_82' title='bbox 1107 1356 1456 1407; x_wconf 86' lang='lat' dir='ltr'>exponemus</span> <span class='ocrx_word' id='word_1_83' title='bbox 1509 1357 1681 1407; x_wconf 90' lang='lat' dir='ltr'>quarn</span> <span class='ocrx_word' id='word_1_84' title='bbox 1740 1339 1887 1394; x_wconf 86' lang='lat' dir='ltr'>laetae</span> 
     </span>
     <span class='ocr_line' id='line_1_19' title="bbox 258 1423 1884 1497; baseline -0.001 -15"><span class='ocrx_word' id='word_1_85' title='bbox 258 1435 426 1497; x_wconf 89' lang='lat' dir='ltr'>atque</span> <span class='ocrx_word' id='word_1_86' title='bbox 490 1427 691 1480; x_wconf 90' lang='lat' dir='ltr'>uberes</span> <span class='ocrx_word' id='word_1_87' title='bbox 755 1425 1077 1477; x_wconf 90' lang='lat' dir='ltr'>animorum</span> <span class='ocrx_word' id='word_1_88' title='bbox 1143 1423 1328 1492; x_wconf 87' lang='lat' dir='ltr'>fruges</span> <span class='ocrx_word' id='word_1_89' title='bbox 1380 1423 1515 1476; x_wconf 93' lang='lat' dir='ltr'>hinc</span> <span class='ocrx_word' id='word_1_90' title='bbox 1568 1441 1668 1493; x_wconf 90' lang='lat' dir='ltr'>per</span> <span class='ocrx_word' id='word_1_91' title='bbox 1728 1424 1884 1493; x_wconf 86' lang='lat' dir='ltr'>ipsos</span> 
     </span>
     <span class='ocr_line' id='line_1_20' title="bbox 262 1512 756 1583; baseline -0.006 -15"><span class='ocrx_word' id='word_1_92' title='bbox 262 1512 474 1583; x_wconf 89' lang='lat' dir='ltr'>percipi</span> <span class='ocrx_word' id='word_1_93' title='bbox 527 1519 756 1582; x_wconf 91' lang='lat' dir='ltr'>queant.</span> 
     </span>
    </p>

    <p class='ocr_par' dir='ltr' id='par_1_7' title="bbox 260 1599 1894 3145">
     <span class='ocr_line' id='line_1_21' title="bbox 331 1599 1882 1670; baseline -0.002 -16"><span class='ocrx_word' id='word_1_94' title='bbox 331 1600 716 1670; x_wconf 80' lang='lat' dir='ltr'>Quamobrem</span> <span class='ocrx_word' id='word_1_95' title='bbox 784 1599 854 1651; x_wconf 93' lang='lat' dir='ltr'>ab</span> <span class='ocrx_word' id='word_1_96' title='bbox 919 1599 999 1651; x_wconf 88' lang='lat' dir='ltr'>eis</span> <span class='ocrx_word' id='word_1_97' title='bbox 1064 1599 1234 1651; x_wconf 86' lang='lat' dir='ltr'>etiarn</span> <span class='ocrx_word' id='word_1_98' title='bbox 1290 1606 1460 1667; x_wconf 88' lang='lat' dir='ltr'>atque</span> <span class='ocrx_word' id='word_1_99' title='bbox 1513 1599 1686 1651; x_wconf 88' lang='lat' dir='ltr'>etiam</span> <span class='ocrx_word' id='word_1_100' title='bbox 1740 1601 1882 1668; x_wconf 87' lang='lat' dir='ltr'>peti·</span> 
     </span>
     <span class='ocr_line' id='line_1_22' title="bbox 262 1676 1879 1753; baseline 0.001 -15"><span class='ocrx_word' id='word_1_101' title='bbox 262 1702 402 1748; x_wconf 77' lang='grc' dir='ltr'>ῐῐιυε,</span> <span class='ocrx_word' id='word_1_102' title='bbox 469 1692 529 1737; x_wconf 87' lang='lat' dir='ltr'>ut</span> <span class='ocrx_word' id='word_1_103' title='bbox 595 1684 640 1736; x_wconf 91' lang='lat' dir='ltr'>si</span> <span class='ocrx_word' id='word_1_104' title='bbox 705 1684 799 1753; x_wconf 91' lang='lat' dir='ltr'>qui</span> <span class='ocrx_word' id='word_1_105' title='bbox 853 1684 963 1735; x_wconf 92' lang='lat' dir='ltr'>huc</span> <span class='ocrx_word' id='word_1_106' title='bbox 1016 1685 1208 1735; x_wconf 87' lang='lat' dir='ltr'>venire</span> <span class='ocrx_word' id='word_1_107' title='bbox 1261 1685 1367 1751; x_wconf 91' lang='lat' dir='ltr'>ipsi</span> <span class='ocrx_word' id='word_1_108' title='bbox 1422 1703 1532 1736; x_wconf 91' lang='lat' dir='ltr'>non</span> <span class='ocrx_word' id='word_1_109' title='bbox 1568 1676 1879 1752; x_wconf 87' lang='lat' dir='ltr'>poterunt,</span> 
     </span>
     <span class='ocr_line' id='line_1_23' title="bbox 260 1771 1889 1840; baseline 0.002 -16"><span class='ocrx_word' id='word_1_110' title='bbox 260 1772 484 1826; x_wconf 87' lang='lat' dir='ltr'>faveant</span> <span class='ocrx_word' id='word_1_111' title='bbox 537 1779 689 1825; x_wconf 88' lang='lat' dir='ltr'>certe</span> <span class='ocrx_word' id='word_1_112' title='bbox 742 1772 809 1822; x_wconf 91' lang='lat' dir='ltr'>iis</span> <span class='ocrx_word' id='word_1_113' title='bbox 862 1772 956 1840; x_wconf 93' lang='lat' dir='ltr'>qui</span> <span class='ocrx_word' id='word_1_114' title='bbox 1010 1790 1112 1839; x_wconf 90' lang='lat' dir='ltr'>pro</span> <span class='ocrx_word' id='word_1_115' title='bbox 1182 1772 1373 1824; x_wconf 90' lang='lat' dir='ltr'>divina</span> <span class='ocrx_word' id='word_1_116' title='bbox 1425 1771 1603 1839; x_wconf 87' lang='lat' dir='ltr'>gloria</span> <span class='ocrx_word' id='word_1_117' title='bbox 1671 1772 1889 1827; x_wconf 86' lang='lat' dir='ltr'>animo-</span> 
     </span>
     <span class='ocr_line' id='line_1_24' title="bbox 261 1858 1883 1929; baseline 0.001 -17"><span class='ocrx_word' id='word_1_118' title='bbox 261 1877 494 1929; x_wconf 90' lang='lat' dir='ltr'>rumque</span> <span class='ocrx_word' id='word_1_119' title='bbox 561 1858 741 1911; x_wconf 87' lang='lat' dir='ltr'>salute</span> <span class='ocrx_word' id='word_1_120' title='bbox 813 1876 936 1912; x_wconf 89' lang='lat' dir='ltr'>sese</span> <span class='ocrx_word' id='word_1_121' title='bbox 1007 1858 1364 1919; x_wconf 82' lang='lat' dir='ltr'>devoverint3</span> <span class='ocrx_word' id='word_1_122' title='bbox 1438 1876 1581 1927; x_wconf 91' lang='lat' dir='ltr'>quos</span> <span class='ocrx_word' id='word_1_123' title='bbox 1653 1859 1883 1928; x_wconf 89' lang='lat' dir='ltr'>quidem</span> 
     </span>
     <span class='ocr_line' id='line_1_25' title="bbox 260 1933 1884 2016; baseline 0.001 -16"><span class='ocrx_word' id='word_1_124' title='bbox 260 1947 348 2001; x_wconf 91' lang='lat' dir='ltr'>hic</span> <span class='ocrx_word' id='word_1_125' title='bbox 414 1948 631 2016; x_wconf 89' lang='lat' dir='ltr'>majora</span> <span class='ocrx_word' id='word_1_126' title='bbox 694 1954 750 2000; x_wconf 91' lang='lat' dir='ltr'>et</span> <span class='ocrx_word' id='word_1_127' title='bbox 816 1945 1083 2000; x_wconf 89' lang='lat' dir='ltr'>solidiora</span> <span class='ocrx_word' id='word_1_128' title='bbox 1148 1964 1319 2015; x_wconf 90' lang='lat' dir='ltr'>quam</span> <span class='ocrx_word' id='word_1_129' title='bbox 1374 1945 1501 2000; x_wconf 88' lang='lat' dir='ltr'>istic</span> <span class='ocrx_word' id='word_1_130' title='bbox 1560 1933 1884 2002; x_wconf 87' lang='lat' dir='ltr'>animorum</span> 
     </span>
     <span class='ocr_line' id='line_1_26' title="bbox 261 2032 1885 2100; baseline 0 -14"><span class='ocrx_word' id='word_1_131' title='bbox 261 2033 459 2086; x_wconf 88' lang='lat' dir='ltr'>solatia</span> <span class='ocrx_word' id='word_1_132' title='bbox 524 2032 795 2085; x_wconf 88' lang='lat' dir='ltr'>divinitus</span> <span class='ocrx_word' id='word_1_133' title='bbox 859 2041 1112 2084; x_wconf 89' lang='lat' dir='ltr'>manent.</span> <span class='ocrx_word' id='word_1_134' title='bbox 1191 2034 1376 2100; x_wconf 90' lang='lat' dir='ltr'>Atque</span> <span class='ocrx_word' id='word_1_135' title='bbox 1440 2033 1633 2096; x_wconf 89' lang='lat' dir='ltr'>etiam,</span> <span class='ocrx_word' id='word_1_136' title='bbox 1690 2035 1735 2085; x_wconf 90' lang='lat' dir='ltr'>si</span> <span class='ocrx_word' id='word_1_137' title='bbox 1790 2054 1885 2087; x_wconf 88' lang='lat' dir='ltr'>ne-</span> 
     </span>
     <span class='ocr_line' id='line_1_27' title="bbox 260 2111 1884 2190; baseline 0.001 -16"><span class='ocrx_word' id='word_1_138' title='bbox 260 2121 394 2189; x_wconf 88' lang='lat' dir='ltr'>gotii</span> <span class='ocrx_word' id='word_1_139' title='bbox 464 2120 799 2190; x_wconf 79' lang='lat' dir='ltr'>magnitudo</span> <span class='ocrx_word' id='word_1_140' title='bbox 870 2119 1214 2189; x_wconf 70' lang='lat' dir='ltr'>postulabit,</span> <span class='ocrx_word' id='word_1_141' title='bbox 1278 2119 1463 2188; x_wconf 90' lang='lat' dir='ltr'>ipsum</span> <span class='ocrx_word' id='word_1_142' title='bbox 1547 2111 1884 2175; x_wconf 89' lang='lat' dir='ltr'>Pontificem</span> 
     </span>
     <span class='ocr_line' id='line_1_28' title="bbox 264 2208 1888 2263; baseline 0.002 -3"><span class='ocrx_word' id='word_1_143' title='bbox 264 2208 573 2261; x_wconf 88' lang='lat' dir='ltr'>Maximum</span> <span class='ocrx_word' id='word_1_144' title='bbox 639 2225 750 2260; x_wconf 90' lang='lat' dir='ltr'>non</span> <span class='ocrx_word' id='word_1_145' title='bbox 817 2208 1203 2261; x_wconf 88' lang='lat' dir='ltr'>dubitabimus</span> <span class='ocrx_word' id='word_1_146' title='bbox 1268 2210 1337 2260; x_wconf 82' lang='lat' dir='ltr'>de</span> <span class='ocrx_word' id='word_1_147' title='bbox 1401 2217 1525 2261; x_wconf 87' lang='lat' dir='ltr'>tota</span> <span class='ocrx_word' id='word_1_148' title='bbox 1576 2227 1635 2261; x_wconf 91' lang='lat' dir='ltr'>re</span> <span class='ocrx_word' id='word_1_149' title='bbox 1702 2209 1888 2263; x_wconf 88' lang='lat' dir='ltr'>facere</span> 
     </span>
     <span class='ocr_line' id='line_1_29' title="bbox 262 2295 1886 2363; baseline 0.003 -18"><span class='ocrx_word' id='word_1_150' title='bbox 262 2295 575 2347; x_wconf 87' lang='lat' dir='ltr'>certiorem.</span> <span class='ocrx_word' id='word_1_151' title='bbox 656 2296 886 2348; x_wconf 91' lang='lat' dir='ltr'>Etenim</span> <span class='ocrx_word' id='word_1_152' title='bbox 925 2296 996 2347; x_wconf 89' lang='lat' dir='ltr'>ad</span> <span class='ocrx_word' id='word_1_153' title='bbox 1035 2314 1182 2357; x_wconf 88' lang='lat' dir='ltr'>eum,</span> <span class='ocrx_word' id='word_1_154' title='bbox 1224 2295 1434 2363; x_wconf 88' lang='lat' dir='ltr'>quippe</span> <span class='ocrx_word' id='word_1_155' title='bbox 1475 2295 1689 2349; x_wconf 88' lang='lat' dir='ltr'>Christi</span> <span class='ocrx_word' id='word_1_156' title='bbox 1720 2297 1886 2351; x_wconf 89' lang='lat' dir='ltr'>Vica-</span> 
     </span>
     <span class='ocr_line' id='line_1_30' title="bbox 261 2380 1891 2455; baseline 0.004 -24"><span class='ocrx_word' id='word_1_157' title='bbox 261 2380 421 2443; x_wconf 89' lang='lat' dir='ltr'>rium,</span> <span class='ocrx_word' id='word_1_158' title='bbox 489 2382 747 2435; x_wconf 90' lang='lat' dir='ltr'>omnium</span> <span class='ocrx_word' id='word_1_159' title='bbox 812 2381 1066 2451; x_wconf 88' lang='lat' dir='ltr'>gentium</span> <span class='ocrx_word' id='word_1_160' title='bbox 1132 2389 1429 2450; x_wconf 86' lang='lat' dir='ltr'>parentem</span> <span class='ocrx_word' id='word_1_161' title='bbox 1484 2392 1891 2455; x_wconf 88' lang='lat' dir='ltr'>pastoremque</span> 
     </span>
     <span class='ocr_line' id='line_1_31' title="bbox 263 2464 1890 2540; baseline 0.004 -23"><span class='ocrx_word' id='word_1_162' title='bbox 263 2464 717 2532; x_wconf 90' lang='lat' dir='ltr'>christianorum,</span> <span class='ocrx_word' id='word_1_163' title='bbox 788 2468 824 2521; x_wconf 91' lang='lat' dir='ltr'>ii</span> <span class='ocrx_word' id='word_1_164' title='bbox 893 2487 1117 2537; x_wconf 87' lang='lat' dir='ltr'>quoque</span> <span class='ocrx_word' id='word_1_165' title='bbox 1184 2469 1470 2537; x_wconf 88' lang='lat' dir='ltr'>pertinent</span> <span class='ocrx_word' id='word_1_166' title='bbox 1539 2471 1634 2539; x_wconf 91' lang='lat' dir='ltr'>qui</span> <span class='ocrx_word' id='word_1_167' title='bbox 1704 2473 1890 2540; x_wconf 87' lang='lat' dir='ltr'>parati</span> 
     </span>
     <span class='ocr_line' id='line_1_32' title="bbox 265 2554 1890 2627; baseline 0.004 -22"><span class='ocrx_word' id='word_1_168' title='bbox 265 2559 392 2607; x_wconf 91' lang='lat' dir='ltr'>sunt</span> <span class='ocrx_word' id='word_1_169' title='bbox 457 2555 530 2609; x_wconf 90' lang='lat' dir='ltr'>ad</span> <span class='ocrx_word' id='word_1_170' title='bbox 595 2554 809 2611; x_wconf 87' lang='lat' dir='ltr'>Christi</span> <span class='ocrx_word' id='word_1_171' title='bbox 876 2554 1107 2619; x_wconf 80' lang='lat' dir='ltr'>cultum,</span> <span class='ocrx_word' id='word_1_172' title='bbox 1164 2563 1218 2609; x_wconf 86' lang='lat' dir='ltr'>et</span> <span class='ocrx_word' id='word_1_173' title='bbox 1275 2556 1550 2609; x_wconf 86' lang='lat' dir='ltr'>Ecclesiae</span> <span class='ocrx_word' id='word_1_174' title='bbox 1610 2559 1890 2627; x_wconf 87' lang='lat' dir='ltr'>gremium</span> 
     </span>
     <span class='ocr_line' id='line_1_33' title="bbox 265 2637 1892 2713; baseline 0.002 -21"><span class='ocrx_word' id='word_1_175' title='bbox 265 2637 667 2713; x_wconf 89' lang='lat' dir='ltr'>Pontificisque</span> <span class='ocrx_word' id='word_1_176' title='bbox 738 2642 1013 2696; x_wconf 89' lang='lat' dir='ltr'>ditionem</span> <span class='ocrx_word' id='word_1_177' title='bbox 1085 2643 1293 2693; x_wconf 87' lang='lat' dir='ltr'>venire.</span> <span class='ocrx_word' id='word_1_178' title='bbox 1376 2645 1451 2694; x_wconf 87' lang='lat' dir='ltr'>Et</span> <span class='ocrx_word' id='word_1_179' title='bbox 1529 2646 1696 2695; x_wconf 90' lang='lat' dir='ltr'>simul</span> <span class='ocrx_word' id='word_1_180' title='bbox 1767 2647 1892 2713; x_wconf 85' lang='lat' dir='ltr'>pias</span> 
     </span>
     <span class='ocr_line' id='line_1_34' title="bbox 262 2731 1888 2797; baseline 0.004 -19"><span class='ocrx_word' id='word_1_181' title='bbox 262 2740 457 2780; x_wconf 86' lang='lat' dir='ltr'>ornnes</span> <span class='ocrx_word' id='word_1_182' title='bbox 523 2731 762 2797; x_wconf 85' lang='lat' dir='ltr'>Deoque</span> <span class='ocrx_word' id='word_1_183' title='bbox 826 2738 1092 2796; x_wconf 87' lang='lat' dir='ltr'>acceptas</span> <span class='ocrx_word' id='word_1_184' title='bbox 1151 2731 1564 2796; x_wconf 85' lang='lat' dir='ltr'>Religiosorum</span> <span class='ocrx_word' id='word_1_185' title='bbox 1624 2731 1888 2794; x_wconf 88' lang='lat' dir='ltr'>familias,</span> 
     </span>
     <span class='ocr_line' id='line_1_35' title="bbox 262 2814 1889 2884; baseline 0.005 -20"><span class='ocrx_word' id='word_1_186' title='bbox 262 2827 383 2879; x_wconf 88' lang='lat' dir='ltr'>quae</span> <span class='ocrx_word' id='word_1_187' title='bbox 448 2814 743 2869; x_wconf 90' lang='lat' dir='ltr'>christiani</span> <span class='ocrx_word' id='word_1_188' title='bbox 809 2816 1057 2868; x_wconf 90' lang='lat' dir='ltr'>nominis</span> <span class='ocrx_word' id='word_1_189' title='bbox 1101 2815 1497 2884; x_wconf 88' lang='lat' dir='ltr'>amplificandi</span> <span class='ocrx_word' id='word_1_190' title='bbox 1550 2817 1739 2872; x_wconf 92' lang='lat' dir='ltr'>studio</span> <span class='ocrx_word' id='word_1_191' title='bbox 1791 2818 1889 2872; x_wconf 90' lang='lat' dir='ltr'>fla-</span> 
     </span>
     <span class='ocr_line' id='line_1_36' title="bbox 263 2902 1893 2972; baseline 0.006 -21"><span class='ocrx_word' id='word_1_192' title='bbox 263 2908 442 2965; x_wconf 89' lang='lat' dir='ltr'>grant,</span> <span class='ocrx_word' id='word_1_193' title='bbox 521 2902 889 2957; x_wconf 88' lang='lat' dir='ltr'>invitabimus</span> <span class='ocrx_word' id='word_1_194' title='bbox 967 2902 1282 2972; x_wconf 84' lang='lat' dir='ltr'>diligenter,</span> <span class='ocrx_word' id='word_1_195' title='bbox 1364 2911 1424 2958; x_wconf 91' lang='lat' dir='ltr'>ut</span> <span class='ocrx_word' id='word_1_196' title='bbox 1502 2905 1574 2959; x_wconf 87' lang='lat' dir='ltr'>ad</span> <span class='ocrx_word' id='word_1_197' title='bbox 1638 2905 1893 2962; x_wconf 88' lang='lat' dir='ltr'>divinam</span> 
     </span>
     <span class='ocr_line' id='line_1_37' title="bbox 264 2980 1893 3059; baseline 0.007 -25"><span class='ocrx_word' id='word_1_198' title='bbox 264 2980 412 3039; x_wconf 88' lang='lat' dir='ltr'>illam</span> <span class='ocrx_word' id='word_1_199' title='bbox 477 3005 639 3044; x_wconf 87' lang='lat' dir='ltr'>suam</span> <span class='ocrx_word' id='word_1_200' title='bbox 692 2989 1015 3044; x_wconf 92' lang='lat' dir='ltr'>animorum</span> <span class='ocrx_word' id='word_1_201' title='bbox 1071 2989 1223 3043; x_wconf 90' lang='lat' dir='ltr'>sitim</span> <span class='ocrx_word' id='word_1_202' title='bbox 1277 2990 1616 3059; x_wconf 83' lang='lat' dir='ltr'>explendam</span> <span class='ocrx_word' id='word_1_203' title='bbox 1670 2992 1727 3045; x_wconf 90' lang='lat' dir='ltr'>in</span> <span class='ocrx_word' id='word_1_204' title='bbox 1788 2992 1893 3045; x_wconf 91' lang='lat' dir='ltr'>has</span> 
     </span>
     <span class='ocr_line' id='line_1_38' title="bbox 263 3066 1894 3145; baseline 0.006 -24"><span class='ocrx_word' id='word_1_205' title='bbox 263 3066 518 3137; x_wconf 87' lang='lat' dir='ltr'>Japoniae</span> <span class='ocrx_word' id='word_1_206' title='bbox 571 3074 785 3129; x_wconf 86' lang='lat' dir='ltr'>insulas</span> <span class='ocrx_word' id='word_1_207' title='bbox 831 3075 1153 3137; x_wconf 78' lang='lat' dir='ltr'>convolent,</span> <span class='ocrx_word' id='word_1_208' title='bbox 1202 3076 1452 3145; x_wconf 88' lang='lat' dir='ltr'>itemque</span> <span class='ocrx_word' id='word_1_209' title='bbox 1500 3078 1556 3129; x_wconf 91' lang='lat' dir='ltr'>in</span> <span class='ocrx_word' id='word_1_210' title='bbox 1603 3079 1894 3145; x_wconf 86' lang='lat' dir='ltr'>regionem</span> 
     </span>
    </p>
   </div>
   <div class='ocr_carea' id='block_1_7' title="bbox 0 589 2639 751">
    <p class='ocr_par' dir='ltr' id='par_1_8' title="bbox 0 589 2639 751">
     <span class='ocr_line' id='line_1_39' title="bbox 0 589 2639 751; baseline 0 0"><span class='ocrx_word' id='word_1_211' title='bbox 0 669 84 751; x_wconf 95' lang='lat' dir='ltr'> </span> <span class='ocrx_word' id='word_1_212' title='bbox 2416 589 2639 751; x_wconf 95' lang='lat' dir='ltr'>  </span> 
     </span>
    </p>
   </div>
   <div class='ocr_carea' id='block_1_8' title="bbox 2412 751 2639 939">
    <p class='ocr_par' dir='ltr' id='par_1_9' title="bbox 2412 751 2639 939">
     <span class='ocr_line' id='line_1_40' title="bbox 2412 751 2639 939; baseline 0 -172"><span class='ocrx_word' id='word_1_213' title='bbox 2412 751 2639 939; x_wconf 95' lang='lat' dir='ltr'>  </span> 
     </span>
    </p>
   </div>
   <div class='ocr_carea' id='block_1_9' title="bbox 2417 957 2492 984">
    <p class='ocr_par' dir='ltr' id='par_1_10' title="bbox 2417 957 2492 986">
     <span class='ocr_line' id='line_1_41' title="bbox 2429 957 2492 970; baseline 0.016 -1"><span class='ocrx_word' id='word_1_214' title='bbox 2429 961 2435 969; x_wconf 73' lang='grc' dir='ltr'>ι</span> <span class='ocrx_word' id='word_1_215' title='bbox 2464 957 2492 970; x_wconf 46' lang='lat'>⁷⁶5</span> 
     </span>
     <span class='ocr_line' id='line_1_42' title="bbox 2417 969 2468 984; baseline -0.035 -2"><span class='ocrx_word' id='word_1_216' title='bbox 2417 969 2468 984; x_wconf 65' lang='grc' dir='ltr'>.,ῑ</span> 
     </span>
    </p>
   </div>
   <div class='ocr_carea' id='block_1_10' title="bbox 2388 939 2639 2751">
    <p class='ocr_par' dir='ltr' id='par_1_11' title="bbox 2388 939 2639 2751">
     <span class='ocr_line' id='line_1_43' title="bbox 2412 939 2639 1008; baseline 0 2790"><span class='ocrx_word' id='word_1_217' title='bbox 2412 939 2639 1008; x_wconf 95' lang='lat' dir='ltr'> </span> 
     </span>
     <span class='ocr_line' id='line_1_44' title="bbox 2404 1008 2639 1270; baseline 0 -80"><span class='ocrx_word' id='word_1_218' title='bbox 2404 1008 2639 1270; x_wconf 95' lang='lat' dir='ltr'>   </span> 
     </span>
     <span class='ocr_line' id='line_1_45' title="bbox 2404 1270 2639 1372; baseline 0 2426"><span class='ocrx_word' id='word_1_219' title='bbox 2404 1270 2639 1372; x_wconf 95' lang='lat' dir='ltr'> </span> 
     </span>
     <span class='ocr_line' id='line_1_46' title="bbox 2398 1372 2639 1534; baseline 0 -93"><span class='ocrx_word' id='word_1_220' title='bbox 2398 1372 2639 1534; x_wconf 95' lang='lat' dir='ltr'>  </span> 
     </span>
     <span class='ocr_line' id='line_1_47' title="bbox 2396 1534 2639 1618; baseline 0 2180"><span class='ocrx_word' id='word_1_221' title='bbox 2396 1534 2639 1618; x_wconf 95' lang='lat' dir='ltr'> </span> 
     </span>
     <span class='ocr_line' id='line_1_48' title="bbox 2396 1618 2639 1787; baseline 0 0"><span class='ocrx_word' id='word_1_222' title='bbox 2396 1618 2639 1787; x_wconf 95' lang='lat' dir='ltr'>  </span> 
     </span>
     <span class='ocr_line' id='line_1_49' title="bbox 2394 1787 2639 1874; baseline 0 1924"><span class='ocrx_word' id='word_1_223' title='bbox 2394 1787 2639 1874; x_wconf 95' lang='lat' dir='ltr'> </span> 
     </span>
     <span class='ocr_line' id='line_1_50' title="bbox 2394 1874 2639 2133; baseline 0 -20"><span class='ocrx_word' id='word_1_224' title='bbox 2394 1874 2639 2133; x_wconf 95' lang='lat' dir='ltr'>    </span> 
     </span>
     <span class='ocr_line' id='line_1_51' title="bbox 2390 2133 2639 2397; baseline 0 0"><span class='ocrx_word' id='word_1_225' title='bbox 2390 2133 2639 2397; x_wconf 95' lang='lat' dir='ltr'>   </span> 
     </span>
     <span class='ocr_line' id='line_1_52' title="bbox 2390 2397 2639 2492; baseline 0 1306"><span class='ocrx_word' id='word_1_226' title='bbox 2390 2397 2639 2492; x_wconf 95' lang='lat' dir='ltr'> </span> 
     </span>
     <span class='ocr_line' id='line_1_53' title="bbox 2388 2492 2639 2578; baseline 0 1220"><span class='ocrx_word' id='word_1_227' title='bbox 2388 2492 2639 2578; x_wconf 95' lang='lat' dir='ltr'> </span> 
     </span>
     <span class='ocr_line' id='line_1_54' title="bbox 2388 2578 2639 2751; baseline 0 0"><span class='ocrx_word' id='word_1_228' title='bbox 2388 2578 2639 2751; x_wconf 95' lang='lat' dir='ltr'>  </span> 
     </span>
    </p>
   </div>
   <div class='ocr_carea' id='block_1_11' title="bbox 2403 2775 2458 2804">
    <p class='ocr_par' dir='ltr' id='par_1_12' title="bbox 2403 2775 2458 2804">
     <span class='ocr_line' id='line_1_55' title="bbox 2403 2775 2458 2804; baseline 0 -8"><span class='ocrx_word' id='word_1_229' title='bbox 2403 2775 2438 2804; x_wconf 50' lang='grc' dir='ltr'>ςξῑὲ</span> <span class='ocrx_word' id='word_1_230' title='bbox 2450 2776 2458 2796; x_wconf 78' lang='grc' dir='ltr'>-ῑ</span> 
     </span>
    </p>
   </div>
   <div class='ocr_carea' id='block_1_12' title="bbox 2386 2751 2639 3007">
    <p class='ocr_par' dir='ltr' id='par_1_13' title="bbox 2386 2751 2639 3007">
     <span class='ocr_line' id='line_1_56' title="bbox 2388 2751 2639 2830; baseline 0 968"><span class='ocrx_word' id='word_1_231' title='bbox 2388 2751 2639 2830; x_wconf 95' lang='lat' dir='ltr'> </span> 
     </span>
     <span class='ocr_line' id='line_1_57' title="bbox 2386 2830 2639 3007; baseline 0 -88"><span class='ocrx_word' id='word_1_232' title='bbox 2386 2830 2639 3007; x_wconf 95' lang='lat' dir='ltr'>   </span> 
     </span>
    </p>
   </div>
   <div class='ocr_carea' id='block_1_13' title="bbox 0 3007 2639 3798">
    <p class='ocr_par' dir='ltr' id='par_1_14' title="bbox 0 3007 2639 3798">
     <span class='ocr_line' id='line_1_58' title="bbox 0 3007 2639 3798; baseline 0 -614"><span class='ocrx_word' id='word_1_233' title='bbox 0 3007 2639 3798; x_wconf 95' lang='lat' dir='ltr'>    </span> 
     </span>
    </p>
   </div>
  </div>
 </body>
</html>
