2639 3798
660 407 846 445 LIBER
882 408 1011 446 vm.
1032 422 1105 429 —
1125 409 1420 446 EPISTOLA
1462 410 1500 445 1.
1798 396 1903 462 169

261 546 497 599 remedii
536 545 711 599 semel
749 547 1038 599 damnatis
1066 546 1275 600 habere
1304 548 1454 616 quod
1493 547 1710 600 afferat.
1788 548 1902 600 Ta-

260 634 397 686 lium
442 652 592 686 curae
636 651 823 685 rerum
870 641 925 686 et
968 632 1137 702 hujus
1180 634 1404 703 generis
1448 634 1524 686 ibi
1554 634 1902 703 quaestiones
2481 603 2486 716 ξ

261 722 567 790 agitantur,
614 721 827 773 idcirco
872 723 1026 790 quod
1069 722 1126 772 in
1171 722 1318 774 illius
1364 722 1552 791 gentis
1597 722 1802 774 litteris
1845 729 1902 774 et
2480 745 2484 769 ι

261 807 667 862 traditionibus
720 808 972 877 antiquis
1026 809 1204 862 multa
1256 808 1461 861 inferni
1515 808 1733 861 mentio
1786 817 1900 861 est:
1970 862 1973 864 Α
2479 801 2484 883 ξ

264 896 595 966 purgatorii,
644 897 954 948 admodum
1003 896 1172 948 nulla.
2476 887 2483 976 ξ

337 984 481 1036 Haec
524 1002 654 1036 cum
698 984 777 1036 ita
821 984 952 1047 sint,
998 1002 1085 1036 res
1130 984 1252 1053 ipsa
1299 983 1551 1053 loquitur
1595 1001 1739 1052 opus
1788 982 1899 1036 illic
2476 995 2481 1049 l

263 1088 386 1122 esse
453 1070 703 1123 robustis
772 1070 1035 1138 ingeniis,
1089 1071 1413 1124 exercitatis
1466 1070 1524 1122 in
1580 1071 1899 1133 dialectica,
2473 1050 2480 1192 ἱ

261 1156 519 1226 populari
582 1155 849 1209 facundia
908 1157 1151 1221 disertiS,
1207 1158 1448 1226 agilibus
1501 1157 1574 1209 ad
1628 1175 1900 1225 quocum·
2442 1219 2477 1241 v»

262 1264 369 1314 que
433 1244 788 1312 sequendum
842 1252 897 1297 et
952 1245 1406 1311 praevertendum
1461 1251 1736 1307 erranteS,
1801 1244 1897 1313 qui
2233 1290 2235 1293 .
2440 1242 2477 1324 ᾗῇ

2468 1326 2476 1506 l

2468 1517 2473 1541 l

2466 1545 2472 1621 l

2466 1686 2470 1717 l

2464 1741 2469 1803 5

2462 1844 2467 1890 l

2461 1944 2465 1967 l

2459 2012 2465 2047 t

261 1331 635 1403 plausibiliter
676 1331 902 1383 valeant
946 1330 1151 1383 fucatis
1193 1331 1310 1383 veri
1355 1330 1545 1399 specie
1589 1329 1903 1384 mendaciis

260 1423 474 1474 larvam
550 1420 868 1484 detrahere,
936 1421 1258 1472 retexendis
1334 1418 1664 1488 sophisticis
1738 1437 1901 1487 argu-

262 1496 727 1571 mentationibUS,
774 1515 828 1560 et
872 1506 1140 1560 falsorum
1186 1508 1521 1576 dogmatum
1564 1508 1895 1558 inconstan-

261 1596 358 1659 tia,
413 1615 479 1648 ac
533 1614 726 1648 secum
781 1593 1071 1648 collisione
1129 1594 1597 1648 demonstranda.
1680 1595 1897 1647 Erube-

265 1691 428 1735 scunt
503 1682 656 1734 enim
722 1690 777 1734 et
844 1681 1249 1734 incredibiliter
1312 1680 1742 1735 confunduntur
1807 1681 1901 1735 isti

263 1771 469 1834 bonzii,
518 1771 612 1822 ubi
667 1770 814 1821 male
862 1769 1164 1831 cohaerere,
1220 1788 1286 1820 ac
1334 1788 1588 1836 pugnare
1642 1767 1792 1821 inter
1839 1787 1899 1825 Se

265 1875 329 1910 ea
370 1875 496 1926 quae
538 1859 747 1910 docent
788 1858 976 1925 palam
1019 1857 1358 1919 ostenditur,
1412 1865 1509 1908 aut
1551 1856 1783 1924 quando
1824 1855 1903 1908 ita

265 1944 735 2012 constringuntur
795 1944 1235 1996 ratiocinatione
1299 1944 1640 2006 necessaria,
1697 1951 1757 1995 ut
1812 1961 1902 1994 ex-

268 2031 461 2098 pedire
506 2025 579 2082 se'
611 2039 920 2099 nequeant.

337 2119 425 2170 Ad
469 2117 572 2169 has
602 2119 767 2170 dotes
810 2118 1134 2169 animorum
1180 2117 1416 2168 accedat
1461 2124 1689 2184 oportet
1734 2117 1906 2168 robur

267 2220 587 2273 corporum,
637 2222 740 2273 par
787 2204 1034 2256 ferendis
1092 2204 1377 2272 algoribus
1431 2203 1904 2271 rigidissimarum

266 2290 555 2361 hyemum.
638 2293 787 2345 Nam
845 2292 1100 2355 Bandu5,
1157 2291 1583 2344 academiarum
1634 2291 1906 2362 Japonia-

266 2396 388 2430 rum
435 2380 723 2447 primaria,
773 2380 830 2431 in
879 2381 1137 2447 partibus
1181 2397 1376 2430 earum
1424 2379 1738 2431 insularum
1786 2398 1905 2431 ma-

266 2464 412 2518 xime
456 2466 998 2535 septentrionalibus
1042 2466 1151 2517 sita
1191 2473 1295 2527 est,
1339 2483 1444 2517 nec
1486 2466 1727 2518 multum
1771 2467 1904 2518 inde

267 2552 472 2606 absunt
514 2555 826 2607 academiae
867 2563 1107 2616 caeterae,
1150 2561 1627 2622 compertumque
1664 2555 1777 2607 illic
1821 2563 1906 2609 est

268 2639 495 2692 solertia
548 2641 892 2709 ingenioque
945 2639 1060 2692 fere
1114 2647 1386 2707 praestare
1452 2641 1548 2709 qui
1603 2642 1707 2693 sub
1763 2642 1909 2695 coelo

267 2724 537 2795 frigidiori
583 2737 913 2780 nascuntur.
993 2728 1225 2779 Victum
1271 2728 1424 2795 quod
1467 2728 1693 2790 attinet,
1738 2728 1908 2780 unica
2451 2757 2454 2779 1

266 2810 377 2865 fere
440 2832 608 2884 oryza
670 2833 962 2868 annonam
1026 2815 1283 2866 conficit:
1351 2815 1458 2866 etsi
1512 2815 1792 2882 reperitur
1845 2825 1900 2867 et
2449 2816 2454 2894 ξ

267 2899 619 2969 aliquantum
673 2903 866 2965 tritici,
922 2902 1307 2970 nonnullaque
1368 2902 1537 2965 olera,
1595 2902 1903 2970 legumina,
2447 2927 2452 2981 ἢ

269 2986 489 3055 cibique
536 2990 658 3056 ejus
701 2990 943 3056 generis,
988 2989 1177 3042 tenuis
1221 3006 1422 3040 omnes
1466 3006 1571 3041 nec
1613 2990 1778 3042 valde
1822 3008 1908 3042 sa·
2437 3041 2450 3048 ,,

268 3071 441 3127 lubris
506 3076 678 3128 succi.
759 3076 973 3128 Vinum
1039 3074 1191 3126 aliud
1259 3092 1374 3126 non
1439 3073 1671 3137 habent,
1733 3092 1906 3143 quam
2422 3049 2489 3208 t

273 3163 425 3228 quod
466 3181 534 3215 ex
574 3181 743 3234 oryza
777 3163 1101 3232 exprimunt
1142 3168 1264 3213 arte
1305 3162 1573 3230 quadam,
1616 3180 1911 3231 perrarum
2422 3150 2424 3169 ³
