2639 3798
593 366 776 410 LIBER
816 371 890 409 IX.
912 386 983 392 -
1006 370 1295 408 EPISTOLA
1340 365 1454 407 XIV.
1728 366 1832 421 403

208 511 321 566 tius
371 517 613 564 testetur
664 528 724 563 se
777 510 1017 579 depositi
1072 509 1318 572 nomine,
1383 509 1455 560 ad
1508 505 1828 561 custodiam

210 601 504 663 duntaxat,
546 598 958 652 habitationem
1003 606 1300 667 utramque
1340 597 1511 660 illam,
1556 593 1829 649 Societati

212 704 342 742 cum
374 686 661 755 repetierit
693 686 1063 749 reddendam,
1099 685 1202 739 sub
1236 683 1473 739 tutelam
1507 689 1562 737 et
1589 680 1833 752 patroci-

213 774 369 829 nium
414 793 577 827 suum
626 793 866 828 sumere.
947 776 1108 843 Ipsas
1154 792 1286 826 vero
1334 770 1694 826 authenticas
1739 769 1837 823 do·

209 854 462 916 'nationis
506 862 746 926 tabulaS,
801 870 856 915 et
902 862 1273 930 archetypum
1320 860 1572 929 diploma
1618 856 1834 912 domini

214 947 462 1017 episcopi
501 957 692 1001 tecum
733 948 1003 1011 ablatum,
1040 948 1256 1001 Cocino
1296 946 1387 999 via
1422 945 1708 1000 tutissima
1744 945 1835 997 de-

213 1036 555 1105 portandum
587 1038 772 1089 Goam
804 1052 954 1099 cura,
985 1035 1095 1088 illic
1129 1035 1185 1086 in
1214 1034 1401 1087 Sancti
1426 1033 1591 1085 Pauli
1622 1031 1838 1086 tabula-

215 1122 297 1174 rio
347 1123 704 1176 servandum.

289 1208 464 1260 Porro
516 1217 572 1260 te
625 1209 682 1260 in
736 1209 973 1261 consilio
1022 1209 1244 1261 Malaca
1290 1208 1619 1260 discedendi
1670 1207 1838 1276 plane

213 1293 385 1363 jubeo
420 1295 859 1349 irrevocabiliter
891 1297 1063 1349 fixum
1095 1296 1414 1364 persistere,
1442 1302 1687 1363 vetoque
1723 1311 1841 1347 om-

218 1378 353 1432 nino
394 1399 464 1433 ne
505 1381 838 1450 cujusquam
882 1380 1196 1450 quantisvis
1233 1380 1512 1450 precibus,
1554 1388 1651 1434 aut
1686 1377 1839 1432 falla-

216 1466 374 1520 cibus
403 1468 714 1536 promissiS,
748 1469 941 1522 induci
976 1468 1210 1538 patiaris
1238 1469 1309 1521 ad
1338 1468 1447 1522 illic
1475 1467 1836 1528 haerendum3

218 1572 357 1608 neve
393 1573 594 1626 pergas
632 1575 862 1627 operam
900 1556 1067 1627 longe
1103 1555 1311 1621 utilius,
1351 1563 1412 1610 ut
1440 1574 1590 1611 nunc
1618 1573 1707 1610 res
1733 1562 1839 1620 est,

217 1643 397 1697 ubivis
433 1644 565 1698 alibi
601 1645 919 1709 locandam,
958 1646 1015 1698 in
1044 1665 1110 1699 ea
1143 1646 1363 1715 ingrata
1400 1654 1455 1700 et
1489 1665 1555 1699 eo
1587 1644 1839 1699 subsidio

217 1729 448 1799 indigna
506 1732 734 1785 civitate
791 1734 1043 1802 perdere,
1108 1741 1275 1801 prout
1340 1753 1406 1785 ex
1470 1732 1656 1802 aliquo
1714 1732 1836 1801 jam

220 1826 476 1888 tempore
523 1821 780 1890 contigit.
1218 1807 1222 1809 μ

291 1905 440 1959 Cum
467 1905 619 1961 bono
653 1906 763 1961 isto
798 1908 1093 1961 sacerdote
1128 1926 1296 1976 quem
1333 1907 1504 1962 modo
1532 1905 1841 1969 nominavi,

218 1991 519 2046 Vincentio
560 1993 755 2063 Viega,
804 1995 1035 2065 poteris,
1084 1995 1131 2047 si
1175 1996 1280 2048 tibi
1325 1995 1625 2059 videbitur,
1673 1994 1837 2048 relin-

219 2097 388 2148 quere
425 2081 551 2134 istic
581 2083 937 2135 Bernardum
975 2090 1250 2146 nostrum,
1290 2090 1350 2135 ut
1383 2083 1536 2150 quod
1563 2081 1842 2135 hactenus

220 2164 350 2219 fecit
392 2166 595 2219 docere
634 2186 840 2233 pueros
882 2168 1158 2234 primores
1199 2168 1434 2220 litteras
1459 2176 1514 2220 et
1555 2166 1842 2219 orationes

220 2251 607 2319 elementareS,
637 2274 703 2308 ac
730 2255 861 2308 fidei
887 2256 1227 2308 Christianae
1255 2256 1594 2321 rudimenta,
1623 2263 1839 2325 pergat.

223 2338 351 2392 Hoc
382 2346 576 2393 tamen
615 2347 802 2394 totum
843 2341 1075 2395 arbitrio
1115 2348 1214 2396 tuo
1254 2341 1551 2411 permitt03
1594 2341 1843 2395 delibera

222 2427 355 2496 quid
395 2429 576 2499 magis
616 2430 894 2499 expediat,
937 2439 992 2483 et
1031 2439 1198 2500 prout
1244 2430 1653 2484 conducibilius
1692 2430 1841 2501 judi-

223 2516 453 2581 caveriS,
490 2524 587 2572 aut
624 2517 779 2573 illum
816 2518 1001 2573 abduc
1039 2525 1228 2573 tecum
1266 2524 1363 2573 aut
1400 2534 1731 2586 permanere
1768 2515 1844 2572 ibi

219 2602 372 2669 jube.
1778 2618 1781 2623 '

298 2694 613 2745 Ferreriam
657 2712 686 2746 e
732 2695 1018 2748 Societate
1061 2695 1431 2747 amandatum
1479 2693 1743 2763 navigare
1789 2694 1845 2746 in

228 2778 449 2833 Indiam
496 2778 704 2833 nollem
758 2779 814 2833 in
861 2780 1060 2840 eadem
1106 2786 1295 2833 tecum
1342 2778 1499 2842 navi;
1554 2796 1739 2849 quare
1773 2778 1846 2832 da

227 2884 473 2934 operam,
532 2877 807 2936 quantum
860 2868 1090 2936 poteris,
1146 2876 1205 2920 ut
1258 2868 1426 2919 aliam
1479 2868 1843 2920 conscendat.

230 2954 326 3008 Sin
378 2962 476 3009 aut
528 2956 691 3026 copia
744 2957 903 3010 navis
956 2956 1184 3010 alterius
1237 2973 1351 3009 non
1404 2955 1526 3021 erit,
1580 2963 1677 3011 aut
1725 2956 1846 3026 ipse

229 3043 420 3113 utique
466 3052 579 3098 non
625 3044 764 3098 feret
810 3045 970 3098 avelli
1022 3064 1055 3097 a
1099 3054 1174 3108 te,
1220 3063 1676 3114 magnopereque
1721 3063 1842 3097 ora-

230 3132 368 3186 verit
426 3140 486 3185 ut
545 3142 733 3186 tecum
796 3151 923 3186 eum
978 3132 1160 3196 tollas,
1222 3131 1513 3202 indulgeas
1570 3132 1626 3186 id
1686 3131 1844 3195 licet3
