2639 3798
595 357 777 393 LIBER
816 357 893 393 VI.
915 371 986 377 --
1008 357 1302 395 EPISTOLA
1345 357 1429 392 ΙΙΙ.
1756 357 1821 407 25

202 491 375 545 sionis
436 500 532 545 aut
594 492 836 547 sinistrae
895 494 1379 561 interpretationis
1431 511 1628 547 ansam
1681 512 1821 564 prae·

201 583 369 633 beant
422 579 752 649 legitimam.
832 578 1013 632 Simili
1062 598 1286 648 quoque
1339 586 1675 648 argumento
1713 580 1821 651 ‘des

198 666 362 721 velim
409 666 723 736 encyclicas
769 667 840 719 ad
883 675 1120 720 cunctos
1175 669 1405 719 Fratres
1448 675 1674 719 nostros
1720 687 1821 736 per

202 753 441 816 Indiam,
521 771 647 821 quae
725 753 848 806 illos
924 754 1251 821 impertiant
1331 754 1531 806 faustis
1607 754 1820 807 nuntiis

199 858 381 893 rerum
422 840 593 909 -apud
654 859 756 891 vos
812 839 884 892 ad
939 839 1045 892 Dei
1098 839 1335 908 gloriam
1401 837 1636 894 feliciter
1697 857 1818 909 ges-

201 937 404 982 tarum.

218 1016 414 1087 ·Cum
480 1033 613 1067 vero
678 1032 813 1066 usus
879 1013 1138 1067 inciderit
1208 1013 1533 1082 postulandi
1606 1013 1817 1083 aliquid

198 1124 227 1155 a
278 1101 511 1154 domino
563 1108 823 1170 praetore,
877 1109 974 1155 aut
1027 1119 1059 1154 a
1111 1102 1344 1154 domino
1407 1094 1693 1170 episcopO,
1757 1109 1818 1154 ut

197 1192 249 1242 id
300 1189 404 1242 tibi
457 1207 559 1241 suo
620 1190 942 1242 interventu
1000 1187 1264 1241 conficiat
1323 1187 1558 1257 privatis
1615 1187 1819 1242 litteris

197 1275 417 1343 rogabis
502 1274 816 1347 Antonium
905 1274 1271 1338 Gomezium;
1350 1293 1383 1326 a
1460 1292 1573 1344 quo
1643 1273 1817 1327 etiam

195 1361 341 1432 quod
418 1361 490 1414 ad
559 1359 773 1413 victum
849 1359 1231 1430 vestitumque
1309 1367 1635 1414 nostrorum
1713 1362 1816 1415 tibi

193 1446 293 1502 erit
356 1447 739 1501 necessarium
810 1455 998 1515 petes:
1077 1447 1207 1500 huic
1275 1448 1485 1517 quippe
1549 1448 1815 1499 mandavi

194 1545 250 1589 ut
301 1535 462 1587 vobis
513 1535 585 1586 ad
637 1533 774 1586 talia
826 1540 1035 1603 praesto
1087 1540 1254 1596 esset,
1327 1552 1393 1587 ac
1453 1534 1585 1588 vitae
1639 1533 1815 1587 subsi-

190 1623 295 1686 dia,
357 1623 561 1692 quibus
621 1640 722 1677 vos
774 1640 937 1691 egere
989 1621 1399 1692 significaretiS,
1452 1640 1553 1692 per
1605 1640 1807 1675 navem

193 1714 313 1764 Goa
387 1711 674 1763 Molucum
747 1710 895 1763 mitti
967 1710 1274 1778 quotannis
1344 1709 1589 1773 solitam,
1664 1718 1816 1764 recte

190 1798 330 1851 istuc
381 1798 714 1866 perferenda
766 1798 958 1851 omnia
1010 1806 1250 1851 curaret.

257 1885 553 1938 Postremo
616 1904 706 1938 me
767 1887 836 1938 de
899 1885 1119 1938 cunctis
1181 1903 1306 1953 quae
1370 1885 1519 1937 circa
1586 1885 1810 1937 labores

186 1983 416 2040 vestrOS,
480 1975 628 2029 circa
689 1974 1112 2045 praedicationis
1178 1974 1517 2044 evangelicae
1588 1992 1806 2028 succes-

188 2080 325 2127 sum,
373 2063 523 2117 circa
568 2064 927 2132 disciplinam
973 2062 1379 2127 domesticam,1
1423 2080 1812 2132 progressum-

188 2169 290 2219 que
342 2152 399 2205 in
451 2152 755 2205 virtutibus
808 2150 1063 2203 omnium
1118 2158 1461 2213 nostrorum,
1517 2150 1661 2203 bene
1714 2159 1812 2204 aut

187 2257 342 2292 secus
402 2240 682 2303 evenient,
748 2239 1046 2293 certiorem
1113 2237 1297 2291 facere
1363 2237 1605 2301 curabiS,
1670 2237 1812 2307 epis-

186 2325 308 2378 tolis
361 2325 595 2379 minime
646 2324 1072 2394 perfunctoriis;
1129 2343 1268 2392 quas
1321 2325 1402 2377 uti
1449 2333 1505 2378 et
1552 2326 1811 2393 superius

186 2414 538 2482 praescriptas
590 2415 801 2466 ‘omnes
854 2413 958 2464 rite
1010 2412 1339 2480 obsignatas
1392 2420 1447 2463 et
1502 2411 1806 2480 inscriptas

188 2498 370 2552 mittes
440 2500 720 2552 Malacam
790 2501 860 2551 ad
933 2501 1157 2552 Patrem
1214 2499 1587 2552 Franciscum
1646 2501 1807 2553 Pere-

184 2585 343 2650 Zium,
386 2588 475 2640 cui
513 2587 759 2656 praecepi
800 2595 860 2640 ut
902 2586 1290 2655 frequentibus
1345 2586 1402 2637 in
1456 2586 1549 2638 illo
1604 2586 1809 2639 celebri

184 2673 428 2739 emporio
492 2673 723 2725 navium
786 2690 1239 2740 quoquoversum
1306 2671 1646 2724 solventium
1710 2690 1805 2740 op-

182 2760 620 2822 portunitatibus
660 2759 958 2827 diligenter
1004 2766 1272 2819 uteretur,
1310 2758 1379 2809 ad
1419 2757 1804 2811 necessarium

181 2843 567 2908 gubernationi
639 2846 942 2898 Societatis
1010 2846 1172 2897 inter.
1228 2863 1330 2895 nos
1395 2844 1808 2895 commercium

183 2926 287 2980 fida
337 2930 655 2983 litterarum
708 2931 1141 2983 transmissione
1194 2931 1694 2984 committendum.

250 3018 303 3067 Si
371 3019 497 3087 quis
564 3019 861 3070 Sociorum
928 3037 1053 3068 eam
1119 3017 1315 3068 volens
1382 3017 1608 3084 culpam
1675 3036 1805 3070 con-

183 3099 454 3163 scisceret,
521 3106 592 3158 ob
656 3123 825 3175 quam
891 3105 1015 3172 ejici
1070 3123 1099 3157 e
1155 3104 1442 3157 Societate
1496 3112 1807 3157 mereretur
