2665 3754
629 316 734 387 248
1011 328 1195 368 unna
1232 327 1768 367 Vl11.—E1>1-STOLA
1805 327 1883 367 Χῖ.

698 463 782 515 Ac
824 461 871 513 si
914 460 1041 531 quis
1082 460 1215 512 huic
1258 479 1399 512 meae
1448 468 1671 513 maturo
1714 460 1954 513 consilio
2001 460 2257 525 sancitae,

627 550 769 606 satis
811 549 1032 603 cunctis
1073 548 1374 601 declaratae
1415 547 1695 601 voluntati
1738 547 2132 614 refragaretur,
2169 546 2258 600 vel

627 653 755 689 eam
808 633 1034 686 eludere
1087 631 1404 685 cavillando
1455 651 1556 701 per
1607 632 1934 684 arbitrarias
1986 632 2256 702 interpre-

627 721 877 777 tationes
919 726 1246 783 attentaret,
1301 728 1397 772 aut
1446 737 1504 771 se
1560 719 1679 788 ipse
1726 728 2004 773 rectorem
2052 719 2257 784 ferenS,

627 816 726 863 aut
769 806 873 861 tibi
916 806 1171 860 debitum
1219 805 1555 874 obsequium
1601 822 1937 875 pernegans,
1981 823 2111 860 eum
2154 822 2261 875 ego

628 893 733 950 tibi
786 893 844 947 in
896 893 1104 946 virtute
1162 898 1378 945 sanctae
1446 890 1785 945 obedientiae
1854 891 2066 945 mando
2118 900 2179 946 ut
2225 910 2262 953 e

630 979 920 1032 Societate
972 979 1185 1048 ejicias,
1241 978 1557 1049 quantisvis
1608 979 1817 1049 alioqui
1869 980 2109 1050 egregi-is
2161 981 2261 1032 do·

626 1067 782 1123 tibus
824 1067 988 1121 fuerit
1026 1066 1326 1135 praeditus:
1371 1065 1690 1134 potioribus
1735 1066 1886 1119 enirn
1929 1073 2103 1130 caret,
2128 1082 2260 1135 quae

632 1160 765 1207 sunt
808 1151 1100 1206 humilitas
1143 1161 1198 1204 et
1242 1151 1586 1204 obedientia.

705 1240 874 1310 Quod
939 1239 1053 1292 dixi
1119 1240 1189 1292 de
1253 1238 1481 1292 Vicario
1544 1238 1648 1292 tibi
1714 1239 2133 1304 substituendO,
2191 1256 2263 1295 eo

630 1324 1078 1381 commemoravi
1122 1341 1235 1391 quo
1279 1323 1508 1377 liberius
1553 1341 1751 1390 posses
1795 1343 2089 1377 excurrere
2136 1325 2264 1384 Goa

629 1409 936 1475 interdum,
983 1410 1056 1462 ad
1098 1409 1333 1462 visenda
1387 1409 1607 1475 Cocini,
1657 1410 1911 1477 Bazaini,
1957 1420 2014 1466 et
2062 1412 2265 1467 Colani

631 1499 887 1568 collegia,
933 1499 1355 1567 stationemque
1394 1499 1949 1552 Commorinensem.
2029 1498 2263 1567 Experi-

630 1584 786 1639 entia
825 1584 1034 1654 quippe
1076 1603 1167 1636 me
1207 1583 1401 1636 docuit
1430 1603 1497 1635 ex
1533 1583 1860 1654 hujusmodi
1900 1584 2268 1657 collegiorum

630 1674 966 1744 sediumque
1017 1674 1448 1727 lustrationibus
1501 1681 1556 1727 et
1612 1691 1881 1742 magnum
1936 1682 2262 1729 nostrorum

633 1760 690 1814 in
735 1761 804 1814 iis
851 1761 1178 1830 degentium
1226 1760 1492 1824 fructum,
1537 1769 1592 1814 et
1637 1761 1837 1830 ingens
1880 1763 1951 1814 ad
1999 1762 2106 1814 Dei
2151 1763 2265 1816 Do·

636 1848 775 1900 mini
819 1848 998 1900 nostri
1043 1847 1378 1916 obsequium
1413 1865 1480 1899 ac
1511 1847 1748 1915 gloriam
1793 1867 1980 1916 operae
2023 1849 2266 1917 pretium

635 1935 893 1988 existere.
974 1936 1162 2003 Quare
1191 1934 1246 1985 id
1275 1933 1501 1986 factites
1540 1952 1774 1996 censeo;
1817 1936 1916 1987 sed
1956 1935 2055 1987 tali
2096 1936 2268 1990 modo

9 2016 13 2086 ἦ
634 2038 701 2075 ac
752 2027 1028 2089 tempore,
1083 2027 1144 2073 ut
1197 2018 1495 2088 collegium
1551 2020 1819 2073 Goanum
1877 2039 2048 2090 quam
2105 2020 2267 2073 mini-

11 2093 14 2118 ἰ
72 2113 74 2116 ’
633 2126 791 2162 mum
832 2107 1014 2177 possit
1058 2125 1259 2176 capere
1302 2126 1369 2159 ex
1411 2116 1509 2159 tua
1538 2108 1798 2160 absentia
1837 2109 2266 2161 detrimentum.

712 2197 856 2249 Haec
910 2213 1036 2265 quae
1089 2194 1366 2247 hactenus
1418 2193 1510 2247 hic
1563 2195 1754 2258 statui,
1810 2213 1879 2247 ne
1932 2195 2058 2264 quis
2123 2194 2267 2249 forte

637 2291 895 2335 nostrum
940 2282 1149 2333 leviora
1195 2281 1520 2343 arbitratuS,
1567 2282 1848 2350 negligere
1892 2290 1989 2335 aut
2034 2282 2269 2335 minoris

637 2388 810 2441 quam
857 2388 1000 2440 opus
1047 2377 1132 2422 est
1176 2370 1384 2422 audeat
1432 2370 1655 2433 ducere,
1704 2370 1907 2424 iterum
1958 2370 2120 2424 edico
2165 2369 2267 2424 tibi

636 2476 703 2511 ac
743 2475 846 2527 pro
873 2464 1161 2526 potestate
1201 2455 1437 2525 imperO,
1468 2464 1529 2508 ut
1559 2455 1605 2507 si
1633 2456 1758 2526 quis
1800 2457 2096 2510 Sociorum
2138 2457 2267 2510 obe-

638 2545 758 2599 dire
784 2545 887 2599 tibi
930 2544 1166 2613 perinde
1209 2561 1274 2596 ac
1318 2543 1455 2595 mihi
1501 2544 1918 2607 detrectaverit,
1963 2562 2092 2597 eum
2136 2561 2268 2597 con-

636 2629 826 2685 festim
868 2650 897 2684 e
936 2629 1224 2684 Societate
1269 2630 1545 2682 amandes
1560 2649 1571 2691 ;
1617 2649 1721 2682 nec
1767 2638 1823 2682 te
1867 2629 2074 2683 habeat
2121 2629 2266 2682 solli-

637 2718 815 2772 citum
862 2718 1024 2788 quasi
1076 2716 1220 2770 forte
1272 2717 1519 2786 aliquem
1573 2717 1811 2770 istorum
1858 2725 2091 2787 propter
2136 2717 2268 2770 insi-

635 2806 770 2874 gnia
827 2804 1183 2874 eloquentiae,
1250 2803 1543 2866 doctrinae,
1611 2802 1967 2857 facultatisve
2038 2804 2269 2858 alterius

633 2891 858 2954 decora,
926 2889 1316 2943 desideratura
1391 2888 1596 2942 deinde
1665 2888 1922 2942 Societas
1986 2889 2265 2950 videatur.

637 2978 786 3031 Nam
861 2976 1181 3030 istiusmodi
1255 2975 1566 3029 refractarii
1632 2976 1756 3045 plus
1821 2977 1987 3046 longe
2068 2975 2266 3031 damni

634 3082 805 3133 quam
847 3063 1218 3123 emolumenti
1259 3072 1457 3116 nostro
1497 3080 1722 3131 semper
1761 3063 2003 3127 inferent
2034 3062 2266 3123 Ordini:
