2639 3798
684 426 868 463 LIBER
906 426 1033 463 v111.
1057 424 1443 463 -EP1s‘r0LA
1480 424 1596 462 XVI.
1859 408 1961 474 267

407 562 616 628 Quaeso
654 565 730 621 te,
760 558 806 610 si
848 557 1088 620 videtur,
1120 574 1223 625 age
1263 575 1391 610 cum
1432 574 1579 625 rege,
1612 564 1671 608 ut
1711 554 1961 624 postulet

332 664 433 717 per
477 644 693 698 litteras
740 662 772 696 a
821 644 988 696 Patre
1034 650 1230 696 nostro
1279 642 1506 711 Ignatio
1558 648 1821 710 expertos
1866 640 1964 692 ali-

334 739 473 803 quot
505 733 701 786 Patres
742 732 800 784 in
841 731 1183 802 Japonicam
1228 730 1664 799 expeditionem,
1695 737 1750 781 et
1778 727 1962 779 virum

334 817 629 872 excellenti
681 818 889 872 virtute
941 835 1007 870 ac
1060 816 1362 885 prudentia
1415 815 1584 883 hujus
1636 814 1855 883 collegii
1908 821 1963 867 et

337 905 642 959 Societatis
693 904 750 957 in
805 903 971 956 India
1024 910 1300 956 rectorem
1357 900 1626 955 futurum.
1707 899 1965 953 Societas

334 989 487 1044 enim
534 989 622 1043 his
668 989 806 1044 locis
853 989 1175 1042 mirandum
1219 988 1276 1041 in
1320 989 1554 1041 modum
1601 988 1857 1057 dispersa
1898 1004 1965 1040 ac

334 1076 609 1147 dissipata
655 1084 758 1139 est,
806 1075 1014 1145 quippe
1060 1093 1185 1143 quae
1229 1074 1286 1127 in
1332 1074 1640 1138 Persidem,
1689 1075 1746 1127 in
1794 1069 1963 1128 Cam-

333 1164 541 1226 baiam,
574 1163 907 1225 MalavareS,
940 1164 1116 1216 Oram
1148 1162 1476 1225 Piscariam,
1509 1161 1810 1226 Malacam,
1843 1162 1962 1214 Mo-

333 1250 506 1312 lucaS,
558 1249 860 1311 Mauricas,
907 1249 1293 1318 Japoniasque
1341 1248 1552 1300 insulas
1597 1255 1962 1316 propagatur,

333 1352 460 1403 quae
497 1335 622 1387 loca
658 1335 729 1387 ab
767 1335 902 1386 urbe
933 1336 1059 1387 Goa
1087 1335 1294 1386 absunt
1322 1333 1671 1402 longissime.
1751 1335 1962 1403 Quam-

333 1420 528 1473 obrem
585 1420 822 1473 Goanus
873 1419 962 1471 ille
1002 1419 1305 1472 Societatis
1352 1427 1555 1482 rector,
1612 1427 1672 1472 ut
1730 1421 1963 1472 Patrum

336 1508 716 1577 Fratrumque
768 1507 825 1559 in
878 1514 996 1559 tam
1063 1505 1297 1559 remotis
1349 1505 1762 1575 disjunctisque
1823 1505 1963 1559 locis

331 1594 680 1648 versantium
740 1593 1060 1648 commodis
1119 1593 1342 1657 serviat,
1404 1593 1571 1647 saluti
1628 1594 1957 1664 prospiciat,

334 1680 716 1734 incommodis
767 1681 1077 1743 medeatur,
1122 1699 1329 1749 magno
1377 1679 1591 1733 scilicet
1632 1698 1819 1733 rerum
1860 1699 1964 1734 usu

342 1775 397 1823 et
438 1769 661 1838 egregia
701 1768 910 1822 virtute
950 1768 1158 1837 polleat
1203 1786 1434 1821 necesse
1477 1778 1580 1821 est.

411 1855 552 1909 Mihi
589 1856 819 1926 quidem
857 1856 1388 1910 commodissimum
1422 1856 1645 1911 videtur
1682 1856 1833 1911 hunc
1869 1858 1965 1928 qui

336 1961 523 1995 meam
565 1943 669 1996 tibi
711 1943 1011 2011 epistolam
1052 1944 1268 2007 reddet,
1299 1950 1427 1997 tuas
1467 1951 1522 1998 et
1563 1944 1709 2012 regis
1747 1944 1967 1999 litteras

336 2048 503 2099 super
566 2031 675 2081 hoc
738 2031 863 2098 ipso
939 2030 1167 2098 negotio
1231 2031 1302 2080 ad
1372 2031 1599 2081 Patrem
1677 2030 1966 2096 Ignatium

335 2116 580 2185 perferre
623 2134 751 2169 cum
797 2117 956 2179 meiS,
1001 2117 1281 2186 siquidem
1327 2135 1431 2185 ego
1474 2135 1700 2185 quoque
1728 2118 1800 2169 ad
1835 2135 1965 2169 eum

336 2204 536 2256 eadem
585 2204 654 2255 de
699 2220 758 2254 re
800 2203 1017 2271 scripsi.
1617 2192 1620 2195 .

411 2289 714 2359 Ejusmodi
760 2289 1019 2340 homines
1067 2290 1186 2340 sine
1235 2308 1442 2359 magno
1489 2290 1857 2342 incommodo
1900 2310 1969 2342 ex

339 2375 643 2429 Societatis
706 2376 935 2429 sedibus
1001 2377 1168 2429 eximi
1227 2394 1394 2445 posse
1455 2378 1715 2441 arbitror,
1782 2395 1966 2447 neque

337 2462 489 2514 enim
534 2462 797 2515 Patribus
838 2481 871 2514 a
913 2462 1290 2515 concionandi
1335 2481 1567 2515 munere
1609 2462 1963 2517 abhorrenti-

338 2549 442 2602 bus
486 2567 829 2619 magnopere
872 2550 1145 2619 indigent.
1227 2552 1376 2603 Nam
1420 2569 1562 2619 quos
1605 2551 1697 2604 hic
1735 2551 1793 2603 in
1837 2570 1966 2605 nos-

336 2644 486 2691 trum
540 2655 839 2690 numerum
891 2638 1284 2701 adscribimus,
1333 2639 1404 2690 ad
1455 2639 1684 2707 negotia
1736 2647 1962 2691 tantum

338 2733 393 2777 et
437 2725 619 2776 officia
661 2725 976 2778 domestica
1020 2726 1144 2777 usui
1187 2744 1309 2778 esse
1351 2734 1620 2793 possunt;
1677 2726 1769 2779 vix
1812 2727 1964 2779 enim

338 2810 639 2880 quisquam
683 2819 767 2864 est
810 2811 888 2864 ita
931 2810 1181 2865 imbutus
1223 2812 1442 2876 litteris,
1487 2820 1548 2866 ut
1592 2813 1664 2865 ad
1708 2813 1966 2866 sacerdo-

338 2897 481 2950 tium
535 2906 702 2966 aptus
753 2898 1029 2951 videatur.
1112 2900 1241 2951 Hoc
1287 2917 1355 2951 eo
1402 2899 1530 2952 dico
1576 2907 1637 2952 ut
1685 2900 1967 2969 intelligas

340 2984 508 3037 istinc
551 2985 859 3054 quotannis
903 2985 1325 3038 submittendos
1368 3003 1491 3038 esse
1534 2987 1878 3040 sacerdotes.

414 3073 465 3125 O
514 3072 590 3124 mi
640 3073 864 3124 Simon!
925 3072 1097 3124 frater
1147 3072 1498 3135 charissime,
1553 3073 1757 3142 ecquid
1809 3073 1968 3125 vides

339 3166 614 3228 quantam
666 3159 901 3213 tandem
955 3176 1073 3213 rem
1128 3159 1462 3214 moliamur?
1531 3159 1590 3212 Si
1643 3160 1798 3228 genti
1849 3168 1967 3216 tam
