2649 3754
663 337 767 390 130
1044 336 1231 375 LIBER
1268 336 1372 375 VII.
1395 352 1468 359 ·--
1489 337 1783 377 EPISTOLA
1823 339 1900 378 IV.

660 471 945 541 copiosius
991 473 1341 542 explicandis
1391 482 1653 543 ponetur.
1734 477 1919 544 Quam
1967 473 2290 544 explicatio-

660 577 792 612 nem
836 559 1043 613 Paulus
1083 560 1410 614 carissimus
1451 561 1623 615 frater
1650 571 1845 616 noster
1872 582 2000 615 cum
2024 563 2290 632 japonice

657 646 889 700 verterit
923 649 1132 712 (vertet
1161 657 1352 701 autem
1382 650 1622 702 fideliter
1650 650 1925 719 quidquid
1959 651 2031 702 ad
2059 669 2288 702 suorum

657 733 898 786 salutem
952 736 1335 787 necessarium
1389 736 1608 802 fuerit),
1662 739 1813 807 typis
1866 739 2090 790 tradere
2140 738 2288 807 cogi-

655 829 862 886 tamuS‚
899 831 963 875 ut
1004 841 1135 874 cum
1176 841 1280 874 nos
1321 824 1529 892 ubique
1569 842 1762 877 coram
1804 826 2004 877 adesse
2044 841 2285 892 nequea-

657 926 800 972 mUS,
854 908 1170 962 litterarum
1224 909 1519 973 beneficiO,
1569 929 1710 979 quas
1759 918 1969 964 norunt
2014 910 2284 979 plerique,

655 993 865 1045 veritas
893 993 1204 1046 christiana
1231 994 1400 1046 latius
1426 1003 1788 1064 propagetur.

727 1082 895 1145 Nunc
946 1100 1047 1133 vos
1103 1081 1403 1149 (quoniam
1465 1090 1628 1135 tanta
1689 1083 1888 1150 patefit
1940 1082 2102 1135 vobis
2153 1100 2280 1151 pro-

653 1166 893 1232 vincia),
943 1168 1099 1219 omni
1148 1168 1336 1219 studio
1383 1169 1721 1221 industriam
1762 1170 2152 1238 pietatemque
2192 1187 2282 1221 ve-

655 1261 833 1306 stram
876 1253 933 1305 in
975 1253 1201 1307 theatro
1245 1254 1462 1307 coelesti
1506 1255 1746 1323 probare
1790 1255 2137 1309 contendite.
2218 1255 2284 1308 Id

654 1340 1034 1409 assequemini
1077 1340 1123 1392 si
1165 1340 1221 1392 in
1261 1340 1370 1393 hoc
1411 1340 1618 1393 saeculo
1660 1340 2041 1394 humilitatem
2075 1347 2131 1393 et
2160 1358 2283 1393 sen-

655 1426 809 1479 sibus
859 1426 1076 1479 intimis
1129 1427 1433 1490 colueritiS,
1482 1435 1538 1480 et
1592 1427 1843 1479 moribus
1896 1427 2284 1495 expresseritis

657 1531 724 1567 ac
775 1513 919 1567 vita:
987 1514 1139 1584 quod
1192 1514 1264 1567 ad
1317 1513 1798 1567 existimationem
1858 1513 2282 1567 auctoritatem-

656 1619 765 1668 que
810 1601 1035 1664 attinet,
1083 1609 1269 1654 totum
1317 1601 1374 1653 id
1423 1601 1673 1653 Domino
1725 1600 2139 1668 permittenteS,
2188 1601 2282 1668 qui
2344 1628 2348 1632 ²

653 1686 815 1740 vobis
854 1705 980 1739 eam
1022 1687 1140 1756 ipse
1180 1706 1281 1756 per
1308 1706 1367 1740 se
1396 1687 1721 1740 conciliabit
1761 1686 2034 1755 profectO.
2114 1688 2282 1756 Quod

654 1774 700 1826 si
730 1773 912 1826 facere
956 1774 1228 1837 omiserit,
1273 1782 1462 1826 vestra
1505 1793 1693 1836 causa,
1737 1774 1999 1825 videlicet
2043 1792 2113 1825 ne
2156 1792 2281 1843 quae

659 1862 767 1914 Dei
810 1869 939 1913 sunt
967 1862 1249 1913 vobismet
1291 1862 1583 1929 arrogetis,
1626 1860 1898 1912 omiserit.
1978 1860 2122 1912 Illud
2149 1878 2282 1914 vero

653 1968 754 2000 vos
807 1968 910 2018 ego
963 1950 1135 2000 etiam
1189 1957 1360 2018 atque
1423 1949 1595 2000 etiam
1650 1949 1921 2011 obtestor,
1977 1954 2037 2000 ut
2088 1965 2279 2001 veram

654 2037 802 2090 inter
843 2055 943 2090 vos
986 2055 1186 2106 pacem
1233 2045 1404 2105 atque
1451 2036 1814 2089 concordiam
1862 2035 2019 2087 omni
2061 2035 2280 2088 ratione

654 2123 964 2186 retineatis,
1010 2142 1346 2191 summaque
1391 2142 1497 2190 ope
1543 2121 1807 2174 nitamini
1850 2129 1910 2173 ut
1954 2140 2023 2173 ne
2060 2140 2185 2189 quae
2221 2121 2279 2172 in

650 2209 812 2263 vobis
840 2209 1059 2263 semina
1098 2209 1469 2262 dissensionis
1510 2209 1783 2262 existant:
1826 2208 2128 2277 praeclaros
2155 2208 2278 2261 illos

648 2305 868 2349 vestros
927 2305 1165 2349 conatus
1218 2315 1284 2348 ac
1338 2296 1525 2349 studia
1582 2295 1837 2364 patiendi
1888 2313 1992 2363 pro
2046 2294 2277 2348 Christo

650 2383 957 2435 conferatis
1003 2382 1229 2434 interim
1274 2384 1345 2434 ad
1390 2400 1619 2434 ornnem
1668 2381 1967 2434 discordiae
2014 2381 2274 2450 spiritum

647 2468 1064 2531 debellandum,
1108 2487 1390 2520 memores
1430 2469 1741 2520 affirmasse
1783 2467 2077 2520 Christum
2118 2487 2186 2520 ea
2216 2486 2275 2520 re

647 2575 781 2610 suos
809 2556 1101 2625 cognitum
1131 2556 1214 2620 iri,
1247 2556 1291 2608 si
1322 2575 1382 2609 se
1411 2557 1708 2625 diligerent
1738 2556 2000 2609 invicem.

720 2644 980 2698 Gratiam
1034 2662 1195 2696 suam
1261 2643 1543 2697 Dominus
1604 2644 1760 2696 Deus
1814 2652 2009 2696 noster
2060 2661 2127 2697 ac
2178 2660 2271 2696 vo·

639 2730 1168 2785 luntatemianimis
1208 2730 1417 2784 nostris
1457 2730 1724 2794 insinuet,
1765 2750 1879 2800 quo
1907 2749 1974 2783 ex
2002 2749 2069 2783 ea
2097 2747 2267 2800 quam

646 2819 891 2871 maxime
920 2827 1128 2871 cuncta
1157 2818 1450 2870 faciamus

717 2905 1091 2975 Cangoxima.
1172 2906 1355 2959 Nonis
1386 2906 1666 2958 Novemb.
1713 2920 1870 2975 1549.

785 2994 968 3048 Totus
995 3000 1181 3047 vester
1208 2992 1265 3045 in
1295 2991 1527 3046 Christo
1558 2994 1695 3062 Jesu
1736 2992 1988 3044 Domino
2017 3000 2231 3045 nostro.

1439 3096 1820 3147 FRANmchs
1861 3095 2196 3147 XAVERIUS.
