2639 3798
556 359 738 400 LIBER
775 362 1265 400 V1.—EPISTOLA
1305 362 1360 399 V.
1426 380 1432 386 ·

1704 364 1772 418 43

161 506 294 561 tium
348 501 568 555 illarum
621 500 937 554 animarum
993 500 1064 553 ad
1120 499 1392 555 Ecclesiae
1446 508 1658 556 sanctae
1715 519 1776 556 se

162 589 429 663 gremium
494 596 864 657 aggregatura
878 607 891 650 3
959 588 1066 639 nisi
1131 595 1325 639 nostra
1387 595 1623 656 peccata
1679 588 1774 641 ob-

164 675 400 731 stiterint
453 674 755 742 quominus
809 675 965 727 Deus
1020 674 1302 726 Dominus
1372 682 1566 727 noster
1611 673 1775 727 nobis

165 780 272 817 suae
335 760 527 828 gloriae
592 759 866 812 ministris
930 759 1010 813 uti
1075 759 1355 828 dignetur.
1435 760 1635 829 Neque
1686 759 1775 813 his

163 859 348 904 tamen
400 865 505 915 ego
556 854 675 899 tam
727 846 872 899 laetis
924 845 1191 914 auspiciis
1242 845 1298 898 in
1352 845 1498 899 hanc
1550 844 1774 915 expedi·

164 935 370 990 tionem
421 933 756 986 vocantibus
802 932 996 984 statim
1043 932 1229 1001 parui:
1286 931 1525 985 multum
1572 931 1774 985 exinde

163 1021 361 1088 diuque
415 1017 715 1072 deliberavi
763 1035 985 1072 mecum
1033 1018 1349 1087 exploranS,
1397 1018 1774 1088 omnibusque

162 1106 405 1175 vestigiis
462 1106 741 1173 indagans
798 1103 1003 1158 divinae
1056 1104 1204 1157 circa
1256 1104 1309 1158 id
1365 1104 1525 1173 signa
1577 1104 1772 1159 volun-

165 1195 308 1249 tatis.

228 1281 536 1348 Postquam
600 1287 789 1332 autem
856 1278 1072 1332 intimis
1135 1278 1309 1332 animi
1373 1278 1587 1348 liquido
1650 1296 1771 1347 per·

164 1365 276 1435 cepi
339 1365 596 1418 sensibus
647 1365 814 1434 plane
863 1366 987 1417 Deo
1032 1364 1187 1417 cordi
1233 1383 1374 1427 esse,
1422 1371 1477 1416 et
1532 1364 1604 1416 ad
1651 1364 1772 1432 ejus

161 1449 483 1518 obsequium
542 1451 803 1517 expedire
846 1452 1127 1518 proficisci
1181 1468 1270 1504 me
1338 1452 1395 1503 in
1445 1449 1768 1521 Japoniam,

161 1547 304 1591 totus
364 1537 559 1589 statim
618 1536 675 1587 in
739 1536 795 1588 id
860 1535 1157 1588 consilium
1222 1535 1451 1590 incubui
1516 1543 1634 1590 tam
1701 1536 1768 1590 ir·

161 1622 554 1686 revocabiliter,
619 1630 679 1677 ut
743 1622 879 1675 mihi
942 1622 1178 1686 viderer,
1240 1622 1285 1674 si
1338 1640 1371 1674 a
1433 1629 1623 1692 coepto
1675 1622 1769 1674 de-

161 1709 424 1773 sisterem,
478 1708 615 1778 ipsis
667 1726 891 1779 quoque
943 1708 1254 1762 idololatris
1305 1708 1622 1779 Japonibus
1675 1725 1767 1760 ne-

159 1796 309 1864 quior
368 1813 434 1850 ac
495 1796 883 1850 detestabilior
940 1795 1178 1849 futuruS.
1260 1797 1335 1849 Et
1388 1813 1479 1848 me
1530 1795 1588 1848 in
1641 1812 1767 1865 pro-

158 1881 333 1951 posito
391 1882 708 1945 confirmat,
769 1883 919 1950 quod
979 1882 1202 1936 hostem
1256 1883 1491 1936 humani
1542 1882 1765 1952 generis

160 1969 323 2023 multa
380 1987 606 2022 movere
663 1969 829 2021 video
882 1977 941 2021 ut
997 1988 1086 2021 me
1139 1968 1209 2021 ab
1262 1967 1368 2022 hac
1420 1967 1768 2037 cogitatione

159 2053 430 2107 dimoveat
446 2074 458 2115 ;
527 2073 594 2107 ex
664 2073 775 2122 quo
847 2072 958 2107 non
1030 2057 1265 2108 obscure
1335 2057 1546 2110 scilicet
1611 2056 1766 2109 illum

158 2149 378 2210 apparet
445 2159 709 2211 magnam
777 2141 907 2194 inde
972 2141 1139 2194 rebus
1204 2141 1319 2194 suis
1371 2141 1590 2194 cladem
1643 2158 1766 2211 per-

160 2226 465 2295 niciemque
522 2227 843 2282 formidare.
924 2230 1035 2282 Sed
1095 2229 1368 2298 quidquid
1421 2229 1509 2282 ille
1560 2229 1765 2282 tumul-

158 2321 332 2368 tuetur
393 2334 458 2369 ac
511 2323 710 2368 contra
762 2314 1011 2384 objiciat,
1066 2315 1212 2368 imus
1264 2322 1457 2369 tamen
1510 2316 1766 2369 inanium

159 2403 325 2454 securi
371 2403 782 2466 terriculorum,
825 2403 1058 2471 jamque
1105 2411 1323 2455 stamus
1371 2403 1427 2454 in
1470 2403 1764 2472 procinctu

160 2486 416 2554 solvendi,
489 2496 797 2541 convasato
868 2487 1248 2542 instrumento
1319 2489 1598 2543 incruenti
1668 2492 1765 2544 Sa-

159 2573 354 2639 crificii,
414 2594 526 2645 quo
583 2577 797 2631 litanda
853 2578 1096 2646 primum
1158 2577 1267 2630 illic
1320 2596 1481 2631 sacra
1537 2579 1764 2643 Hostia,

160 2659 357 2715 Christi
424 2663 594 2732 Regis
656 2662 834 2717 nostri
898 2662 1127 2717 nomine
1185 2671 1462 2719 terrarum
1516 2683 1582 2720 ac
1633 2683 1764 2735 gen-

158 2744 285 2802 tium
337 2749 556 2804 illarum
610 2750 770 2820 quasi
822 2751 1243 2820 possessionem
1297 2752 1587 2804 adeamus,
1655 2751 1764 2822 Qui

157 2834 308 2897 primi
365 2856 659 2891 successus
716 2845 906 2906 coepto
963 2838 1375 2904 responderint,
1436 2856 1587 2891 anno
1645 2857 1763 2892 ver-

157 2925 298 2976 tente
359 2925 434 2990 (si
494 2926 650 2978 Deus
708 2924 953 2988 dederit>
1017 2924 1157 2976 meis
1215 2924 1345 2977 inde
1403 2926 1633 2994 perlatis
1692 2927 1762 2979 ad

158 3019 244 3059 vos
292 3009 491 3064 litteris
543 3011 706 3081 plene
766 3011 1140 3080 cognoscetis

220 3094 500 3151 Constitui
556 3098 675 3168 jam
735 3115 882 3151 nunc
940 3116 972 3150 a
1029 3098 1212 3165 primo
1271 3099 1466 3153 statim
1525 3099 1763 3168 appulsu
