2639 3798
564 378 747 416 LIBER
787 378 861 417 IX.
884 394 955 401 --·
977 378 1269 417 EPISTOLA
1311 379 1475 417 XVIII.
1729 380 1834 433 417

200 506 399 576 jubeat
436 525 632 561 curare
671 515 732 561 ut
773 527 802 561 e
839 527 1001 562 sacro
1036 508 1273 578 pulpit0‚
1312 511 1385 562 ad
1422 518 1830 580 congregatum

206 595 297 649 die
348 596 637 670 dominica
687 597 960 666 populum
1013 598 1070 650 in
1123 598 1380 662 ecclesia,
1429 616 1544 652 suae
1591 599 1716 653 istae
1762 600 1832 653 de

208 700 365 735 more
409 681 611 736 litterae
659 682 984 737 recitentur.

281 771 410 822 Hoc
461 788 561 823 cur
611 788 711 839 per
759 789 863 823 vos
914 772 1188 840 postulari
1242 781 1297 825 et
1350 773 1534 841 reipsa
1587 773 1667 826 sic
1713 774 1834 826 fieri

208 855 442 909 omnino
472 856 660 919 velim,
690 857 897 924 duplex
930 857 1068 910 mihi
1101 876 1274 911 causa
1306 866 1409 912 est.
1491 858 1667 921 Prior,
1702 859 1835 928 quia

209 943 376 1012 cupio
404 950 679 1013 quantum
708 962 942 1013 possum
980 945 1087 1014 ipsi
1121 945 1217 1008 illi,
1256 945 1417 1014 cujus
1457 963 1547 999 me
1586 945 1833 1008 miseret,

208 1030 501 1084 consulere
540 1038 660 1084 tarn
700 1031 918 1084 acerbae
959 1031 1178 1100 injuriae
1218 1031 1466 1092 auctori;
1515 1049 1740 1100 nempe,
1789 1031 1836 1085 is

208 1116 393 1169 adhuc
460 1116 683 1184 ignorat
744 1117 802 1168 in
856 1125 1132 1184 quantam
1186 1117 1497 1185 perniciem
1551 1117 1832 1179 inciderit,

209 1221 377 1273 quem
417 1211 503 1256 est
544 1201 866 1266 verisimile,
910 1222 1011 1273 per
1054 1202 1499 1256 declarationem
1546 1202 1833 1273 publicam

208 1289 330 1351 diri,
366 1290 519 1356 quod
556 1307 721 1341 suum
759 1290 816 1340 in
854 1298 1024 1357 caput
1056 1298 1272 1342 temere
1310 1290 1561 1351 attraxit,
1599 1290 1834 1342 anathe-

210 1375 395 1438 matiS,
431 1377 680 1444 quodam
719 1376 951 1430 horrore
986 1385 1164 1430 tantae
1202 1377 1547 1430 calamitatis
1583 1377 1833 1430 excitan-

210 1462 344 1514 dum
388 1461 446 1514 in
482 1461 728 1531 aliquem
773 1461 916 1516 forte
957 1480 1187 1516 sensum
1227 1462 1601 1532 poenitentiae,
1644 1463 1740 1532 qui
1780 1462 1831 1516 ei

209 1546 407 1601 salutis
443 1547 666 1602 initium
704 1568 827 1602 esse
863 1549 1070 1619 possit;
1107 1568 1301 1603 curam
1337 1548 1532 1619 utique
1572 1548 1833 1620 injiciens

211 1636 528 1689 emerendae
578 1636 846 1706 legitimis
896 1637 1133 1707 piaculis
1185 1639 1256 1690 ab
1305 1637 1584 1701 Ecclesia,
1633 1655 1734 1708 per
1784 1638 1835 1690 ei

209 1722 563 1792 praepositOS,
611 1724 903 1777 canonicae
949 1724 1341 1777 absolutionis,
1864 1789 1881 1797 „

282 1810 473 1863 Altera
523 1829 649 1880 quae
702 1830 792 1864 me
843 1813 916 1864 ad
961 1812 1071 1864 hoc
1117 1813 1354 1881 impellit
1395 1813 1542 1865 ratio
1588 1813 1835 1881 pertinet

210 1897 282 1948 ad
341 1897 764 1964 praevertendos
827 1897 884 1950 in
948 1904 1240 1967 posterum
1304 1904 1424 1950 tam
1483 1897 1837 1966 perniciosos

213 1982 572 2051 Evangelicae
622 1983 1015 2052 praedicationi
1067 2003 1240 2036 ausus
1292 1983 1681 2053 improborum
1734 1983 1833 2037 ho-

211 2069 446 2124 minum.
524 2070 707 2124 Video
759 2070 909 2124 enim
972 2089 1075 2124 usu
1139 2070 1471 2142 plerumque
1530 2078 1835 2125 venturum

213 2165 271 2211 ut
313 2158 625 2227 Apostolici
672 2159 912 2228 operarii
956 2158 1260 2211 Societatis
1307 2166 1515 2211 nostrae
1561 2159 1617 2210 in
1664 2157 1837 2212 variis

214 2245 392 2299 Indiae
429 2246 704 2315 portubus
741 2245 1199 2315 opportunitates
1235 2245 1643 2300 nanciscantur
1682 2245 1835 2299 navi-

210 2332 398 2401 gandi,
452 2333 881 2402 promulgandae
929 2331 1142 2385 Christi
1195 2332 1333 2402 legis
1383 2332 1584 2402 gratia,
1639 2332 1696 2385 in
1740 2334 1836 2404 Ja-

212 2437 438 2488 ponem‚
500 2419 809 2483 Molucum,
876 2428 972 2473 aut
1030 2419 1153 2473 loca
1212 2420 1445 2482 similia;
1513 2438 1674 2489 qUOS,
1741 2420 1839 2490 qui

212 2504 421 2559 habent
489 2506 546 2559 in
611 2506 679 2560 iis
741 2506 881 2560 locis
944 2514 1291 2576 potestatem
1358 2506 1611 2576 praefecti
1679 2507 1838 2577 regii,

212 2592 464 2656 avaritia,
488 2592 718 2656 invidia,
743 2611 841 2646 seu
870 2611 982 2662 quo
1010 2592 1120 2646 alio
1148 2592 1334 2646 furore
1363 2593 1420 2645 in
1448 2587 1838 2646 transversum

212 2679 341 2742 acti,
393 2679 683 2733 ludificare
735 2698 800 2732 ac
854 2680 1126 2742 frustrari,
1173 2689 1341 2748 prout
1389 2679 1527 2732 mihi
1578 2679 1839 2748 contigit,

212 2773 462 2831 possent.
1174 2778 1178 2781 ·

283 2853 370 2903 Ne
398 2852 454 2903 id
473 2869 606 2920 ergo
633 2853 726 2904 isti
755 2871 814 2904 se
843 2853 1073 2922 impune
1102 2860 1486 2904 attentaturos
1514 2860 1836 2915 autument,

213 2936 606 2993 infamandum
649 2938 802 2994 foedo
846 2947 1049 2994 eventu
1094 2939 1325 2993 noxium
1369 2938 1691 3008 exemplum
1735 2947 1844 3004 est,

215 3033 268 3077 et
319 3034 482 3080 tanta
535 3024 850 3096 ignominia
902 3026 1359 3090 deformandum,
1416 3035 1476 3079 ut
1537 3028 1680 3097 quos
1739 3026 1847 3080 Dei

217 3122 505 3181 respectus
541 3132 742 3182 parum
778 3122 987 3177 movet,
1018 3114 1232 3182 judicia
1272 3114 1590 3176 hominum,
1621 3113 1848 3167 macula

1455 3361 1528 3417 27
