2639 3798
636 373 821 423 tinen
860 372 1396 424 vnn—EmsTotA
1434 366 1572 424 xiinſs
1815 373 1919 440 31‘9

359 520 641 584 PatribuS,
672 521 768 589 qui
815 530 971 574 extra
1013 523 1199 574 Goam
1241 522 1473 590 degunt,
1516 518 1817 572 mandabis
1857 526 1918 572 ut

285 604 582 660 dominum
629 606 965 675 episcopum
1014 607 1227 675 scripto
1278 607 1591 660 identidem
1644 623 1916 659 veneren-

284 703 404 754 tur;
453 693 719 747 brevibus
766 693 988 758 litteris,
1018 713 1144 763 quae
1188 693 1433 748 fructum
1478 695 1755 747 duntaxat
1798 692 1916 746 ani-

284 798 522 843 marum,
577 799 745 849 quem
801 800 868 834 ex
919 782 1036 834 suis
1088 780 1375 834 laboribus
1430 782 1555 834 Deo
1607 779 1916 849 adjuvante

281 865 569 935 colligunt,
600 866 881 920 nuntient.
960 867 1193 920 Addant
1235 867 1435 920 eodem
1478 865 1755 935 quidquid
1783 882 1913 919 vere

281 962 519 1025 possunt
568 954 624 1007 in
671 955 794 1025 ejus
837 954 1061 1007 vicariis
1112 954 1238 1008 loca
1286 954 1380 1007 illa
1425 954 1756 1007 tenentibus
1802 954 1916 1007 lau-

282 1044 432 1105 dare,
476 1041 689 1110 prolixe
732 1043 1191 1095 commendando
1235 1043 1281 1094 si
1325 1042 1460 1111 quid
1504 1043 1650 1094 bene
1693 1043 1764 1094 ad
1810 1042 1915 1094 uti-

280 1127 499 1181 litatem
545 1127 833 1196 publicam
878 1136 1109 1197 gerunt;
1164 1129 1440 1197 quidquid
1486 1128 1622 1182 item
1667 1128 1761 1182 alii
1807 1129 1914 1183 Re-

279 1214 461 1284 ligiosi
533 1224 588 1269 et
642 1217 967 1270 sacerdotes
1021 1215 1438 1279 concionandO,
1494 1233 1654 1268 sacra
1708 1221 1914 1268 caetera

281 1300 594 1354 ministeria
642 1302 925 1366 obeundO,
991 1302 1160 1355 lucris
1243 1301 1518 1355 Ecclesiae
1596 1308 1914 1371 apponunt,

280 1387 583 1441 liberaliter
636 1389 940 1442 celebrent.
1021 1389 1081 1442 Si
1128 1388 1267 1441 nihil
1321 1389 1392 1442 sit
1442 1388 1577 1441 boni
1625 1388 1779 1458 quod
1831 1406 1912 1441 re-

282 1474 481 1538 ferant,
531 1475 733 1529 sileant
780 1477 850 1529 de
897 1476 985 1528 his
998 1494 1011 1538 3
1070 1494 1175 1528 nec
1218 1494 1449 1528 suarum
1497 1494 1620 1528 esse
1664 1475 1912 1544 partium

281 1569 481 1630 putent
535 1563 794 1630 querelas
846 1564 916 1616 de
969 1563 1357 1631 proepiscopis
1421 1563 1507 1616 vel
1560 1562 1684 1615 aliis
1748 1579 1913 1615 evan-

282 1649 473 1718 gelicis
520 1650 796 1703 ministris
857 1651 928 1703 ad
976 1649 1308 1719 episcopum
1353 1648 1569 1702 deferre
1584 1668 1596 1710 ;
1659 1667 1774 1702 non
1821 1648 1913 1701 de-

281 1742 444 1788 erunt
482 1734 577 1805 qui
621 1734 897 1789 deferant.
978 1736 1129 1805 Quin
1173 1735 1345 1789 etiam
1391 1735 1618 1799 nollem,
1664 1735 1710 1789 si
1754 1735 1916 1803 cujus

280 1825 509 1877 alterius
545 1825 762 1895 *negotii
803 1844 929 1878 cum
967 1825 1236 1894 episcopo
1276 1824 1562 1878 tractandi
1603 1823 1916 1878 necessitas

281 1911 559 1976 inciderit,
608 1912 665 1965 id
720 1913 1042 1966 istiusmodi
1096 1913 1351 1982 epistolis
1404 1913 1592 1976 inseri,
1648 1931 1789 1983 quas
1840 1913 1911 1965 ad

277 1999 688 2053 consolandum
716 2008 772 2054 et
812 2001 1185 2054 recreandum
1227 2001 1441 2054 bonum
1485 2002 1714 2055 Patrem
1756 2018 1910 2055 mere

281 2096 640 2157 comparatas
680 2088 867 2141 velim.
950 2090 1104 2157 Ergo
1144 2088 1281 2141 dum
1304 2087 1429 2141 -tale
1457 2087 1594 2158 quid
1634 2096 1911 2152 occurret,

278 2190 529 2228 seorsum
576 2172 876 2228 scribatur.

348 2261 508 2314 Serio
561 2261 896 2314 admonebis
950 2270 1177 2315 nostros
1230 2280 1430 2315 omnes
1477 2280 1605 2315 meo
1654 2262 1911 2329 nomine,

277 2354 335 2401 ut
382 2347 620 2402 multam
675 2348 1060 2402 obedientiam
1114 2348 1322 2418 ubique
1374 2349 1765 2419 proepiscopis
1817 2368 1907 2403 ex-

277 2433 535 2497 hibeant;
593 2435 939 2488 denuntians
985 2435 1124 2488 mihi
1168 2436 1285 2489 fore
1331 2436 1819 2500 molestissimum,
1864 2437 1911 2490 si

276 2521 467 2576 audire
518 2521 781 2576 alicunde
833 2522 1135 2592 contigerit
1187 2523 1344 2576 litem
1400 2523 1571 2576 ullam
1625 2531 1723 2577 aut
1777 2541 1910 2577 con-

276 2607 608 2660 troversiam
666 2616 922 2661 exortam
975 2608 1126 2662 inter
1177 2609 1352 2661 ullum
1405 2609 1910 2676 proepiscoporum

277 2699 330 2744 et
378 2693 575 2746 Patres
623 2693 946 2757 SocietatiS,
995 2693 1089 2764 qui
1145 2693 1270 2746 loca
1328 2693 1403 2746 illi
1459 2692 1689 2747 subdita
1747 2712 1909 2746 exco-

277 2776 412 2833 lunt.
478 2781 672 2835 Addes
709 2798 913 2849 cupere
952 2799 1043 2835 me
1081 2781 1350 2836 distincte
1393 2798 1711 2836 memorare
1755 2781 1911 2851 ipsos

279 2862 332 2916 in
374 2866 577 2920 litteris
634 2886 776 2937 quas
834 2868 907 2919 ad
952 2887 1042 2920 me
1086 2868 1322 2929 dabunt,
1382 2886 1554 2936 quam
1613 2864 1758 2920 bene
1803 2866 1912 2919 illis

278 2968 404 3005 cum
444 2955 820 3022 proepiscopo
871 2955 1191 3008 conveniat.
1273 2955 1679 3008 Gratissimum
1735 2955 1909 3009 etiarn

279 3037 413 3091 mihi
486 3049 636 3093 esset
707 3041 925 3093 efficere
989 3040 1161 3108 iPSOS,
1235 3048 1295 3093 ut
1360 3039 1469 3117 ipsi
1531 3039 1908 3109 proepiscopi,

278 3121 475 3179 litteris
515 3129 587 3180 ad
628 3146 719 3180 me
762 3128 1006 3196 scriptis,
1062 3115 1409 3180 testarentur
1452 3146 1624 3196 quam
1666 3129 1811 3181 bene
1850 3136 1906 3181 et
