2649 3754
679 323 782 392 148
1060 338 1245 377 LIBER
1282 338 1387 377 vn.
1407 353 1481 361 -
1501 337 1795 377 EPISTOLA
1831 337 1912 377 VI.

675 474 738 521 ut
789 467 1044 537 legatum
1107 469 1165 522 in
1215 470 1443 523 Indiam
1498 470 1708 536 mittat,
1763 470 1859 541 qui
1926 476 2185 540 spectata
2250 468 2310 522 il-

676 553 749 607 lic
802 555 1158 610 abundantia
1227 575 1415 611 rerum
1480 559 1553 612 ad
1614 558 1747 613 vitae
1812 576 1978 611 usum
2045 562 2312 626 opportu-

679 641 1069 706 nissimarum,
1099 642 1306 711 quibus
1346 652 1502 698 caret
1540 643 1807 714 Japonia,
1838 642 2182 707 desiderium
2222 661 2313 696 ea-

678 745 803 780 rum
867 728 984 781 suis
1046 729 1272 782 rediens
1326 738 1571 795 moveat,
1627 739 1682 784 et
1735 730 1817 783 sic
1869 748 1967 783 eos
2006 728 2312 799 proniores

677 815 750 868 ad
793 815 976 869 mutui
1020 825 1305 870 mercatus
1348 816 1710 872 conditiones
1752 817 2145 871 admittendas
2189 817 2311 870 red-

678 903 805 956 dat:
849 904 1000 956 unde
1028 905 1127 957 fiat
1159 912 1219 958 ut
1259 898 1376 958 non
1417 923 1564 975 aegre
1605 905 1753 959 inter
1794 905 1975 958 Indiae
2014 920 2311 974 proregem

677 997 734 1043 et
799 1008 989 1060 regem
1047 992 1310 1063 Japoniae
1380 980 1701 1057 conveniat,
1765 1000 1890 1047 tum
1956 993 2027 1045 de
2067 992 2313 1049 ,caeteris

677 1077 897 1147 legibus
955 1079 1302 1143 commercii,
1355 1087 1479 1133 tum
1540 1080 1766 1149 proprie
1818 1081 1888 1133 de
1940 1079 2196 1149 portorio
2247 1097 2313 1132 ac

680 1163 962 1235 scriptura
1017 1165 1334 1220 Lusitanici
1386 1166 1507 1221 fisci
1562 1167 1766 1233 Sacaii‚
1815 1166 1897 1221 uti
1943 1166 2161 1221 dictum
2207 1173 2312 1231 est,

681 1251 1117 1317 constituendis,

757 1341 1004 1396 Multum
1051 1344 1278 1397 confido
1323 1343 1380 1396 in
1429 1344 1684 1397 Domino
1726 1346 1864 1415 jesu
1911 1343 2029 1396 fore
2076 1351 2138 1396 ut
2180 1351 2314 1396 ante

680 1431 825 1484 duos
870 1449 1052 1485 annos
1097 1432 1343 1485 scribam
1390 1432 1493 1485 tibi
1540 1431 1750 1486 habere
1793 1450 1898 1486 nos
1944 1430 2129 1485 Meaci
2172 1438 2313 1485 tem-

677 1517 836 1587 plum
875 1520 1001 1572 Deo
1042 1519 1296 1572 dicatum
1338 1519 1397 1571 in
1437 1518 1714 1572 honorem
1759 1518 2151 1573 Sanctissimae
2181 1519 2312 1572 Dei-

678 1625 833 1675 parae
887 1592 1154 1660 Dominae
1209 1615 1448 1670 nostrae3
1510 1616 1571 1661 ut
1625 1608 1721 1677 qui
1774 1608 2047 1676 deinceps
2099 1607 2157 1659 in
2211 1606 2313 1660 has

681 1693 895 1746 insulas
970 1695 1338 1764 navigabunt,
1405 1696 1464 1747 in
1528 1695 1891 1748 horribilibus
1964 1695 2072 1748 illis
2139 1694 2313 1748 Sinici

681 1779 1026 1850 archipelagi
1065 1780 1328 1850 procellis
1368 1780 1633 1834 invocare
1676 1780 1897 1850 possint
1942 1780 2150 1834 Divam
2190 1780 2312 1834 Vir-

681 1868 874 1937 ginem
931 1869 1315 1922 Meacensem.
1396 1859 1565 1937 Quod
1619 1868 1665 1921 si
1710 1875 1938 1922 tantum
1992 1867 2132 1920 mihi
2183 1867 2313 1921 fidei

680 1954 977 2019 tribuereS,
1026 1962 1089 2010 ut
1135 1973 1358 2009 sumere
1406 1973 1496 2009 me
1548 1954 1763 2009 sineres
1815 1954 2063 2009 officium
2114 1973 2313 2024 procu-

681 2042 887 2097 ratoris
932 2042 990 2096 in
1037 2042 1126 2096 his
1170 2042 1310 2097 locis
1361 2043 1463 2108 tui,
1518 2044 1798 2114 spondere
1850 2043 2034 2097 ausim
2088 2043 2312 2097 effectu-

681 2149 807 2184 rum
874 2150 965 2185 me
1017 2140 1078 2186 ut
1131 2150 1551 2202 quamcumque
1615 2132 1694 2186 rei
1759 2150 1826 2187 ac
1878 2131 2135 2202 pecuniae
2199 2139 2311 2186 tuae

682 2226 906 2289 partem
948 2218 1087 2273 mihi
1128 2220 1593 2274 commendatam
1634 2219 1743 2274 hoc
1782 2219 2014 2275 nomine
2052 2219 2311 2283 volueriS,

684 2326 813 2360 eam
864 2307 979 2361 tibi
1011 2308 1137 2376 plus
1179 2327 1351 2376 quam
1395 2307 1779 2377 centuplicato
1831 2308 2047 2361 foenore
2088 2315 2315 2361 auctam

686 2403 1110 2463 repraesentem,
1170 2395 1340 2463 idque
1382 2395 1538 2447 lucro
1575 2414 1608 2447 a
1644 2395 1909 2463 periculis
1951 2395 2218 2448 itinerum
2261 2401 2315 2446 et

686 2479 1110 2549 naufragiorum
1142 2480 1320 2549 plane
1364 2498 1581 2544 secur0,
1649 2487 1819 2534 certae
1864 2488 2199 2534 mercaturae
2242 2479 2314 2533 fe-

685 2565 920 2629 licitate,
976 2566 1127 2634 quali
1179 2566 1364 2618 nullus
1417 2573 1551 2619 ante
1604 2574 1659 2619 te
1711 2565 2014 2634 praefectus
2081 2566 2315 2620 Malacae

688 2650 1051 2705 innocentius
1097 2651 1435 2720 uberiusque
1480 2651 1699 2705 lucrum
1746 2651 1960 2705 fecerit.

765 2738 943 2792 Scire
975 2757 1108 2792 aves
1160 2739 1310 2807 quod
1365 2738 1475 2791 hoc
1527 2758 1708 2808 genus
1754 2739 1826 2792 sit
1874 2738 2316 2809 compendiosis-

688 2826 849 2879 simae
914 2826 1380 2879 nundinationis?
1455 2827 1646 2878 Missis
1710 2828 2047 2893 ambagibus
2110 2827 2314 2879 dicam.

691 2914 892 2978 Indue,
923 2914 1108 2978 sodeS‚
1148 2913 1205 2965 in
1248 2913 1503 2966 animum
1548 2913 1737 2984 largiri
1780 2914 1946 2967 nobis
1988 2914 2141 2984 quod
2184 2911 2314 2967 divi-

689 3002 893 3053 damus
937 3001 1234 3069 egentibus
1281 3001 1480 3053 harum
1529 3009 1807 3054 terrarum
1855 3001 2181 3055 christianis
2226 2999 2318 3069 qui

690 3089 863 3141 modo
904 3096 1056 3152 sunt,
1098 3095 1154 3142 et
1195 3088 1290 3157 qui
1333 3106 1464 3141 mox
1504 3088 1660 3141 fient.
1743 3088 1934 3157 Hujus
1974 3088 2055 3143 sic
2083 3087 2317 3142 cclloca-
