2639 3798
673 343 859 393 LIBER
896 341 1435 386 V111.—E1215T01,A
1475 342 1537 385 11.-
1818 324 1920 394 189

289 475 554 531 humanis
623 475 950 530 nationibus
1013 494 1079 529 ac
1150 473 1342 545 politis
1412 473 1711 536 futurum?
1779 474 1922 543 Quae

290 583 419 619 cum
466 563 546 617 ita
588 563 721 628 sint,
766 563 1087 624 necessario
1134 562 1295 627 effici,
1343 569 1475 616 ante
1520 561 1672 631 leges
1718 579 1921 619 omnes

290 651 362 706 ab
415 649 741 704 hominibus
793 650 957 714 latas,
1023 649 1274 703 divinam
1331 651 1543 719 Legem
1607 649 1663 700 in
1716 647 1923 701 animis

292 739 593 794 hominum
656 739 915 793 innatam
979 738 1284 792 exstitisse.

366 828 510 880 Haec
547 825 628 880 eis
666 826 811 881 ratio
852 826 932 879 ita
976 826 1217 895 probata
1259 833 1364 889 est,
1396 833 1456 879 ut
1492 825 1659 895 plane
1699 824 1920 900 acquie-

292 920 532 977 scerent,
567 919 740 984 atque
779 911 933 966 hisce
962 912 1177 983 laqueis
1206 911 1454 982 expediti
1483 931 1653 967 suave
1684 909 1921 966 Domini

286 1001 486 1071 jugum
527 1000 689 1053 facile
729 1000 1002 1053 subirent.

363 1089 437 1148 At
482 1087 671 1141 bonzii
727 1096 858 1141 sunt
912 1087 1076 1141 nobis
1129 1088 1477 1152 offensioreS,
1526 1089 1679 1159 quod
1725 1106 1919 1140 eorum

258 1176 591 1229 'mendacia
636 1175 1046 1244 redarguimus.
1128 1177 1225 1239 Hi,
1276 1177 1358 1232 uti
1404 1177 1666 1247 diximuS,
1723 1177 1921 1228 suade-

291 1262 429 1316 bant
475 1261 685 1331 populo
732 1261 981 1330 quinque
1028 1261 1121 1315 illa
1164 1270 1449 1336 praecepta
1495 1262 1663 1331 vulgo
1710 1261 1920 1314 servari

290 1366 404 1401 non
456 1365 651 1416 posse3
712 1365 885 1416 quare
938 1347 1092 1416 ipsos
1144 1367 1246 1416 pro
1300 1349 1510 1418 populo
1574 1356 1915 1410 servaturOS,

291 1453 357 1491 ea
396 1434 518 1504 lege
560 1442 621 1487 ut
650 1434 834 1488 cultus
881 1434 962 1487 eis
1003 1435 1302 1505 victusque
1342 1435 1710 1497 tribueretur3
1754 1452 1921 1503 spon-

293 1522 424 1576 dere
488 1539 566 1587 se,
634 1521 759 1592 quis
830 1537 1025 1576 eorum
1091 1523 1162 1575 ad
1229 1522 1438 1576 inferos
1514 1521 1921 1585 descendisset,

294 1626 423 1663 eum
453 1625 555 1663 sua
591 1626 698 1679 ope
739 1615 910 1679 atque
951 1625 1123 1680 opera
1163 1626 1482 1665 evasurum.
1563 1611 1685 1665 Nos
1725 1616 1924 1664 contra

292 1695 504 1764 populo
570 1696 1107 1749 demonstrabamus
1168 1697 1227 1750 in
1293 1697 1498 1766 inferno
1560 1697 1764 1751 nullam
1826 1713 1924 1750 esse

292 1783 706 1853 redemptionem,
761 1801 943 1850 neque
1001 1801 1346 1851 quemquam
1401 1802 1501 1851 per
1544 1782 1785 1837 bonzios
1826 1790 1923 1835 aut

293 1871 526 1925 bonzias
587 1889 755 1939 posse
822 1871 1064 1924 liberari.
1165 1874 1367 1940 Itaque
1420 1871 1738 1925 rationibus
1790 1890 1923 1925 con-

292 1955 425 2010 victi
488 1974 547 2009 se
600 1975 632 2011 a
684 1956 901 2010 bonziis
979 1957 1249 2026 deceptos
1319 1975 1442 2010 esse
1520 1957 1920 2026 querebantur.

294 2043 446 2111 Quin
499 2043 671 2099 etiam
734 2044 805 2097 ab
868 2043 1005 2112 ipsis
1067 2044 1285 2098 bonziis
1339 2045 1589 2109 demum,
1646 2046 1771 2098 Deo
1824 2045 1921 2098 ad-

209 2137 211 2139 ’
286 2128 543 2197 juvante,
582 2130 865 2184 confessio
903 2149 1167 2199 expressa
1204 2139 1290 2184 est
1326 2130 1609 2188 veritatis:
1653 2130 1920 2188 nimirum

293 2236 408 2271 non
477 2237 644 2288 posse
710 2238 769 2272 se
822 2238 855 2271 a
907 2238 1195 2288 quoquam
1272 2218 1580 2272 inferorum
1645 2219 1922 2289 supplicia

261 2299 583 2374 'deprecari
597 2323 610 2367 3
666 2307 765 2359 sed
809 2306 917 2359 nisi
961 2324 1021 2359 se
1063 2307 1119 2359 id
1162 2324 1330 2375 posse
1371 2307 1769 2374 praedicarent,
1814 2307 1922 2359 sibi

294 2393 584 2446 enimvero
632 2392 779 2446 fame
826 2411 949 2447 esse
997 2393 1388 2447 moriendum.·

368 2480 570 2548 Itaque
616 2478 768 2532 haud
816 2479 895 2532 ita
941 2479 1120 2532 multo
1166 2487 1296 2548 post
1347 2480 1555 2544 bonzii,
1611 2479 1920 2534 deficienti-

294 2564 397 2617 bus
439 2565 716 2634 paulatim
760 2565 1145 2619 studiosorum
1190 2583 1419 2620 suorum
1468 2566 1754 2628 subsidiiS,
1804 2583 1920 2618 ma-

291 2667 431 2717 gnas
489 2669 676 2704 rerum
736 2652 1179 2705 domesticarum
1246 2652 1608 2705 difficultates
1672 2653 1919 2721 vitaeque

292 2737 572 2791 dedecora
619 2738 933 2791 subierunt.
1014 2740 1100 2790 De
1142 2738 1334 2791 inferis
1373 2746 1493 2791 tam
1534 2757 1734 2807 graves
1774 2739 1923 2791 inter

293 2839 396 2875 nos
460 2832 515 2876 et
581 2823 816 2876 bonzios
889 2811 1289 2877 contentiones
1354 2824 1638 2887 exstitere,
1705 2824 1796 2877 vix
1860 2831 1922 2877 ut

292 2926 562 2978 umquam
605 2909 902 2964 nobiscum
945 2909 1002 2963 in
1043 2909 1284 2979 gratiam
1325 2909 1559 2964 redituri
1599 2909 1918 2964 videantur.

295 2994 526 3049 Illorum
573 2996 693 3065 jam
753 2995 1109 3065 disciplinam
1175 2995 1336 3053 multi
1399 2996 1686 3059 deserunt,
1751 3005 1922 3072 atque

292 3082 364 3139 ad
417 3082 593 3137 vitam
647 3090 1006 3138 revertuntur
1057 3083 1352 3137 urbanam.
1452 3082 1528 3137 Hi
1582 3082 1920 3140 bonziorum
