2665 3754
679 397 784 449 266
1032 411 1216 449 LIBER
1253 409 1790 449 V111.—EPISTOLA
1826 410 1941 447 XVI.

671 548 1096 611 insectationeS,
1157 549 1349 601 multae
1388 548 1665 616 peccandi
1715 548 2008 612 illecebrae,
2053 550 2301 603 maxima

670 635 910 688 ludibria
971 644 1026 689 et
1079 636 1365 689 irrisiones
1429 635 1636 704 plebis;
1704 643 1759 689 et
1822 636 1975 705 quod
2041 636 2298 690 omnium

668 729 860 775 statuo
911 721 1327 790 gravissimum,
1377 720 1434 773 in
1478 720 1774 791 Japonicis
1828 721 2154 785 academiiS,
2205 722 2299 776 ubi

668 817 902 877 propter
943 809 1195 861 locorum
1239 808 1532 860 intervalla
1576 827 1760 860 rerum
1806 808 1876 859 ad
1923 810 2159 861 Sacrum
2205 829 2297 862 ne-

668 894 1041 947 cessariarum
1094 894 1334 948 facultas
1386 912 1509 947 esse
1556 894 1769 962 nequit,
1819 894 2068 948 coelestis
2114 896 2296 963 paniS,

666 982 761 1051 qui
814 1001 901 1033 cor
944 981 1170 1033 hominis
1221 981 1509 1049 confirmat,
1559 979 1728 1033 unico
1774 980 1831 1032 in
1882 981 2044 1033 malis
2091 980 2295 1036 solatio

666 1070 974 1121 carendum
1019 1076 1123 1121 est.
1205 1069 1334 1120 Hoc
1380 1071 1670 1120 enimvero
1717 1067 1822 1119 illis
1869 1067 2008 1119 locis
2053 1069 2294 1122 acerbis-

666 1156 873 1208 simum
945 1155 1170 1207 accidit.
1252 1156 1402 1206 Nam
1467 1154 1822 1221 Amangucii,
1885 1155 1977 1207 ubi
2038 1156 2295 1211 Societas

664 1241 1015 1295 domicilium
1062 1241 1252 1303 habet,
1301 1240 1541 1292 facultas
1584 1248 1669 1292 est
1716 1241 1795 1292 rei
1838 1242 2043 1293 divinae
2087 1242 2292 1296 facien-

662 1328 777 1381 dae:
844 1327 901 1378 in
966 1325 1274 1378 academiis
1339 1344 1451 1393 quo
1517 1325 1958 1392 Amangucianis
2030 1328 2292 1382 Patribus

662 1415 912 1468 eundum
946 1421 1049 1475 est,
1081 1430 1194 1463 non
1235 1412 1392 1464 item.
1472 1413 1672 1480 Neque
1712 1412 1862 1463 enirn
1907 1430 2067 1464 sacra
2098 1413 2291 1468 Missae

662 1500 911 1570 supellex
962 1517 1063 1567 per
1114 1499 1316 1552 itinera
1366 1498 1682 1551 latronibus
1736 1498 1940 1553 infesta
1991 1507 2117 1553 tuto
2169 1519 2290 1569 per-

661 1589 790 1641 ferri
835 1595 1044 1657 potest.
1125 1588 1502 1656 Quapropter,
1551 1584 1597 1636 si
1644 1585 1739 1654 qui
1786 1584 1954 1638 istinc
2001 1587 2072 1639 ad
2117 1589 2289 1659 Japo-

662 1675 849 1729 nicam
904 1673 1324 1742 expeditionem
1376 1673 1634 1726 venerint
1688 1690 1888 1741 parum
1942 1675 2013 1727 ad
2067 1682 2288 1730 tantam

661 1780 1044 1816 aerumnarum
1111 1759 1318 1812 molem
1384 1757 1776 1812 sustinendam
1843 1759 2143 1815 virtutibus
2208 1762 2287 1817 in-

661 1850 879 1913 structi,
911 1849 1056 1901 male
1086 1856 1279 1900 metuo
1322 1866 1392 1899 ne
1420 1847 1491 1899 ad
1525 1855 1742 1900 certum
1772 1847 2064 1902 interitum
2099 1858 2286 1905 ruant.

735 1937 1020 2006 Equidem
1074 1936 1146 1986 ad
1200 1952 1424 1985 summa
1486 1932 1706 1984 illorum
1769 1933 2022 1986 locorum
2081 1935 2288 2004 frigora

658 2030 713 2076 et
756 2021 1124 2075 incommoda
1165 2020 1461 2073 toleranda
1506 2019 1711 2087 Belgas
1754 2029 1850 2072 aut
1897 2023 2217 2075 Germanos
2257 2040 2287 2075 e

661 2108 948 2162 Societate
985 2106 1310 2159 sacerdotes
1343 2104 1738 2174 perappositos
1767 2123 1990 2171 cense0,
2022 2108 2117 2177 qui
2147 2109 2285 2162 mul-

656 2204 845 2250 torum
888 2194 1006 2262 jam
1055 2209 1335 2245 annorum
1379 2209 1543 2244 usum
1587 2192 1698 2244 sint
1742 2194 2053 2246 consecuti.
2134 2196 2286 2249 Sane

654 2280 976 2336 istiusmodi
1019 2280 1090 2333 ad
1122 2278 1427 2349 Japoniam
1457 2285 1512 2333 et
1548 2278 1715 2332 Sinas
1742 2281 2164 2336 accommodati
2205 2281 2281 2336 vi·

654 2371 861 2421 dentur
923 2376 1129 2437 praeter
1192 2373 1446 2417 caeterOS.
1528 2366 1653 2434 Ego
1711 2385 1845 2418 vero
1904 2386 2018 2418 non
2084 2367 2282 2422 dubito

654 2456 790 2525 quin
840 2457 1014 2517 DeuS,
1063 2470 1188 2522 quae
1232 2470 1321 2505 res
1363 2460 1418 2506 et
1462 2470 1577 2505 suae
1624 2452 1815 2521 gloriae
1859 2461 1914 2507 et
1958 2455 2279 2509 animorum

654 2542 819 2596 saluti
864 2541 1168 2611 plurimum
1213 2539 1499 2604 conducit,
1530 2539 1651 2608 ejus
1694 2540 2004 2594 efficiendae
2048 2540 2280 2596 faculta-

651 2638 768 2684 tem
811 2628 914 2683 tibi
944 2628 1014 2681 sit
1045 2628 1296 2689 daturuS,
1342 2644 1454 2695 quo
1495 2627 1646 2680 viros
1689 2627 1993 2681 submittas
2020 2628 2108 2682 his
2141 2628 2280 2683 locis

651 2735 822 2786 quam
883 2716 1129 2767 maxime
1193 2714 1505 2781 appositos.
1586 2716 1704 2767 Oro
1762 2722 1819 2766 te
1877 2715 2048 2767 etiam
2109 2724 2280 2784 atque

650 2803 842 2864 etiam,
875 2810 933 2853 ut
961 2801 1112 2852 viros
1155 2799 1441 2851 laboribus
1484 2807 1655 2867 atque
1698 2800 1961 2867 periculis
2003 2801 2280 2855 exercitos

650 2889 881 2957 deligas,
922 2888 1035 2956 qui,
1071 2888 1195 2938 Deo
1237 2887 1564 2954 adjuvante,
1610 2887 1679 2938 de
1722 2887 2025 2940 illiusmodi
2063 2889 2277 2941 incom-

648 2976 834 3028 modis
883 2983 937 3028 et
983 2973 1379 3027 vexationibus
1430 2972 1727 3026 victoriam
1782 2974 2046 3028 referant.
2126 2975 2275 3026 Nam

647 3078 887 3130 quorum
930 3059 1109 3112 virtus
1150 3059 1206 3110 in
1250 3059 1518 3111 aerumnis
1561 3066 1615 3112 et
1650 3059 2123 3113 insectationibus
2152 3076 2274 3129 spe·

645 3156 798 3202 ctata
829 3165 944 3200 non
974 3155 1079 3210 est,
1109 3145 1197 3197 his
1226 3144 1363 3197 nihil
1393 3163 1663 3214 magnum
1695 3154 1845 3199 recte
1875 3145 2270 3201 committitur.
