<?xml version="1.0" encoding="UTF-8"?>
<!DOCTYPE html PUBLIC "-//W3C//DTD XHTML 1.0 Transitional//EN"
    "http://www.w3.org/TR/xhtml1/DTD/xhtml1-transitional.dtd">
<html xmlns="http://www.w3.org/1999/xhtml" xml:lang="en" lang="en">
 <head>
  <title>
</title>
<meta http-equiv="Content-Type" content="text/html;charset=utf-8" />
  <meta name='ocr-system' content='tesseract 3.04.00' />
  <meta name='ocr-capabilities' content='ocr_page ocr_carea ocr_par ocr_line ocrx_word'/>
</head>
<body>
  <div class='ocr_page' id='page_1' title='image "./pts_epistolae_3720-0638_v2/pts_epistolae_3720-0638_v2_0150.png"; bbox 0 0 2639 3798; ppageno 0'>
   <div class='ocr_carea' id='block_1_1' title="bbox 0 474 362 611">
    <p class='ocr_par' dir='ltr' id='par_1_1' title="bbox 0 474 362 611">
     <span class='ocr_line' id='line_1_1' title="bbox 0 474 362 611; baseline 0 0"><span class='ocrx_word' id='word_1_1' title='bbox 0 474 362 611; x_wconf 95' lang='lat' dir='ltr'>  </span> 
     </span>
    </p>
   </div>
   <div class='ocr_carea' id='block_1_2' title="bbox 0 0 2639 776">
    <p class='ocr_par' dir='ltr' id='par_1_2' title="bbox 0 0 2639 776">
     <span class='ocr_line' id='line_1_2' title="bbox 0 0 2639 474; baseline 0 -45"><span class='ocrx_word' id='word_1_2' title='bbox 0 0 2639 474; x_wconf 95' lang='lat' dir='ltr'>        </span> 
     </span>
     <span class='ocr_line' id='line_1_3' title="bbox 0 474 2639 776; baseline 0 -75"><span class='ocrx_word' id='word_1_3' title='bbox 0 611 93 776; x_wconf 95' lang='lat' dir='ltr'>  </span> <span class='ocrx_word' id='word_1_4' title='bbox 1919 474 2639 776; x_wconf 95' lang='lat' dir='ltr'>   </span> 
     </span>
    </p>
   </div>
   <div class='ocr_carea' id='block_1_3' title="bbox 694 368 1916 423">
    <p class='ocr_par' dir='ltr' id='par_1_3' title="bbox 694 368 1916 423">
     <span class='ocr_line' id='line_1_4' title="bbox 694 368 1916 423; baseline 0.001 -18"><span class='ocrx_word' id='word_1_5' title='bbox 694 368 880 406; x_wconf 86' lang='lat' dir='ltr'>LIBER</span> <span class='ocrx_word' id='word_1_6' title='bbox 919 369 1020 406; x_wconf 92' lang='lat' dir='ltr'>VII.</span> <span class='ocrx_word' id='word_1_7' title='bbox 1042 385 1115 392; x_wconf 82' lang='lat'><strong>—</strong></span> <span class='ocrx_word' id='word_1_8' title='bbox 1136 370 1429 409; x_wconf 88' lang='lat' dir='ltr'><strong>EPISTOLA</strong></span> <span class='ocrx_word' id='word_1_9' title='bbox 1467 372 1520 409; x_wconf 88' lang='lat' dir='ltr'>V.</span> <span class='ocrx_word' id='word_1_10' title='bbox 1817 368 1916 423; x_wconf 85' lang='lat'>141</span> 
     </span>
    </p>
   </div>
   <div class='ocr_carea' id='block_1_4' title="bbox 290 508 1931 3170">
    <p class='ocr_par' dir='ltr' id='par_1_4' title="bbox 290 508 1924 1701">
     <span class='ocr_line' id='line_1_5' title="bbox 362 508 1919 577; baseline -0.001 -16"><span class='ocrx_word' id='word_1_11' title='bbox 362 508 558 562; x_wconf 89' lang='lat' dir='ltr'>Addes</span> <span class='ocrx_word' id='word_1_12' title='bbox 620 509 690 560; x_wconf 93' lang='lat' dir='ltr'>de</span> <span class='ocrx_word' id='word_1_13' title='bbox 754 516 916 577; x_wconf 90' lang='lat' dir='ltr'>patre</span> <span class='ocrx_word' id='word_1_14' title='bbox 983 508 1222 561; x_wconf 88' lang='lat' dir='ltr'>Nicolao</span> <span class='ocrx_word' id='word_1_15' title='bbox 1287 528 1398 576; x_wconf 88' lang='lat' dir='ltr'>quo</span> <span class='ocrx_word' id='word_1_16' title='bbox 1464 508 1647 561; x_wconf 90' lang='lat' dir='ltr'>fructu</span> <span class='ocrx_word' id='word_1_17' title='bbox 1715 508 1919 561; x_wconf 86' lang='lat' dir='ltr'>Colani</span> 
     </span>
     <span class='ocr_line' id='line_1_6' title="bbox 290 593 1918 665; baseline -0.004 -14"><span class='ocrx_word' id='word_1_18' title='bbox 290 595 526 659; x_wconf 86' lang='lat' dir='ltr'>laboret,</span> <span class='ocrx_word' id='word_1_19' title='bbox 581 602 753 665; x_wconf 86' lang='lat' dir='ltr'>atque</span> <span class='ocrx_word' id='word_1_20' title='bbox 805 614 878 647; x_wconf 92' lang='lat' dir='ltr'>an</span> <span class='ocrx_word' id='word_1_21' title='bbox 931 595 1126 648; x_wconf 92' lang='lat' dir='ltr'>sedulo</span> <span class='ocrx_word' id='word_1_22' title='bbox 1179 604 1375 665; x_wconf 88' lang='lat' dir='ltr'>urgeat</span> <span class='ocrx_word' id='word_1_23' title='bbox 1428 614 1546 647; x_wconf 94' lang='lat' dir='ltr'>rem</span> <span class='ocrx_word' id='word_1_24' title='bbox 1600 613 1772 663; x_wconf 85' lang='lat' dir='ltr'>quam</span> <span class='ocrx_word' id='word_1_25' title='bbox 1840 593 1918 645; x_wconf 85' lang='lat' dir='ltr'>illi</span> 
     </span>
     <span class='ocr_line' id='line_1_7' title="bbox 291 682 1919 745; baseline -0.001 -9"><span class='ocrx_word' id='word_1_26' title='bbox 291 682 454 737; x_wconf 87' lang='lat' dir='ltr'>enixe</span> <span class='ocrx_word' id='word_1_27' title='bbox 500 683 916 745; x_wconf 88' lang='lat' dir='ltr'>commendavi,</span> <span class='ocrx_word' id='word_1_28' title='bbox 969 701 1191 734; x_wconf 91' lang='lat' dir='ltr'>summe</span> <span class='ocrx_word' id='word_1_29' title='bbox 1248 682 1627 735; x_wconf 87' lang='lat' dir='ltr'>necessariam</span> <span class='ocrx_word' id='word_1_30' title='bbox 1680 683 1751 734; x_wconf 87' lang='lat' dir='ltr'>ad</span> <span class='ocrx_word' id='word_1_31' title='bbox 1799 701 1919 735; x_wconf 91' lang='lat' dir='ltr'>eru-</span> 
     </span>
     <span class='ocr_line' id='line_1_8' title="bbox 292 769 1915 824; baseline -0.001 -1"><span class='ocrx_word' id='word_1_32' title='bbox 292 770 531 824; x_wconf 92' lang='lat' dir='ltr'>diendos</span> <span class='ocrx_word' id='word_1_33' title='bbox 601 769 659 822; x_wconf 93' lang='lat' dir='ltr'>in</span> <span class='ocrx_word' id='word_1_34' title='bbox 730 770 933 823; x_wconf 87' lang='lat' dir='ltr'>litteris</span> <span class='ocrx_word' id='word_1_35' title='bbox 991 770 1134 823; x_wconf 91' lang='lat' dir='ltr'>filios</span> <span class='ocrx_word' id='word_1_36' title='bbox 1195 770 1634 823; x_wconf 87' lang='lat' dir='ltr'>christianorum</span> <span class='ocrx_word' id='word_1_37' title='bbox 1708 770 1915 822; x_wconf 87' lang='lat' dir='ltr'>Como-</span> 
     </span>
     <span class='ocr_line' id='line_1_9' title="bbox 295 856 1918 924; baseline -0.001 -15"><span class='ocrx_word' id='word_1_38' title='bbox 295 857 624 919; x_wconf 79' lang='lat' dir='ltr'><strong>sinensium,</strong></span> <span class='ocrx_word' id='word_1_39' title='bbox 684 865 739 909; x_wconf 89' lang='lat' dir='ltr'>et</span> <span class='ocrx_word' id='word_1_40' title='bbox 795 856 1080 924; x_wconf 89' lang='lat' dir='ltr'>juvandos</span> <span class='ocrx_word' id='word_1_41' title='bbox 1150 858 1345 909; x_wconf 89' lang='lat' dir='ltr'>Patres</span> <span class='ocrx_word' id='word_1_42' title='bbox 1414 864 1640 909; x_wconf 89' lang='lat' dir='ltr'>nostros</span> <span class='ocrx_word' id='word_1_43' title='bbox 1702 856 1798 924; x_wconf 90' lang='lat' dir='ltr'>qui</span> <span class='ocrx_word' id='word_1_44' title='bbox 1852 856 1918 907; x_wconf 82' lang='lat' dir='ltr'>&#39;in</span> 
     </span>
     <span class='ocr_line' id='line_1_10' title="bbox 292 942 1922 1014; baseline -0.002 -18"><span class='ocrx_word' id='word_1_45' title='bbox 292 948 483 1014; x_wconf 85' lang='lat' dir='ltr'>partes</span> <span class='ocrx_word' id='word_1_46' title='bbox 534 942 656 994; x_wconf 90' lang='lat' dir='ltr'>illas</span> <span class='ocrx_word' id='word_1_47' title='bbox 710 942 1042 994; x_wconf 87' lang='lat' dir='ltr'>mittuntur:</span> <span class='ocrx_word' id='word_1_48' title='bbox 1104 943 1306 1010; x_wconf 91' lang='lat' dir='ltr'>quibus</span> <span class='ocrx_word' id='word_1_49' title='bbox 1371 943 1602 1010; x_wconf 89' lang='lat' dir='ltr'>quidem</span> <span class='ocrx_word' id='word_1_50' title='bbox 1659 942 1922 994; x_wconf 89' lang='lat' dir='ltr'>Patribus</span> 
     </span>
     <span class='ocr_line' id='line_1_11' title="bbox 293 1028 1919 1100; baseline -0.002 -18"><span class='ocrx_word' id='word_1_51' title='bbox 293 1038 352 1082; x_wconf 88' lang='lat' dir='ltr'>ut</span> <span class='ocrx_word' id='word_1_52' title='bbox 393 1029 545 1081; x_wconf 89' lang='lat' dir='ltr'>nulla</span> <span class='ocrx_word' id='word_1_53' title='bbox 573 1029 630 1079; x_wconf 89' lang='lat' dir='ltr'>in</span> <span class='ocrx_word' id='word_1_54' title='bbox 659 1047 718 1079; x_wconf 92' lang='lat' dir='ltr'>re</span> <span class='ocrx_word' id='word_1_55' title='bbox 755 1047 866 1096; x_wconf 86' lang='lat' dir='ltr'>qua</span> <span class='ocrx_word' id='word_1_56' title='bbox 905 1028 1198 1095; x_wconf 78' lang='lat' dir='ltr'>indigeant</span> <span class='ocrx_word' id='word_1_57' title='bbox 1228 1029 1395 1090; x_wconf 78' lang='lat' dir='ltr'>desiS,</span> <span class='ocrx_word' id='word_1_58' title='bbox 1435 1037 1490 1079; x_wconf 89' lang='lat' dir='ltr'>te</span> <span class='ocrx_word' id='word_1_59' title='bbox 1531 1028 1703 1079; x_wconf 91' lang='lat' dir='ltr'>etiam</span> <span class='ocrx_word' id='word_1_60' title='bbox 1746 1028 1919 1100; x_wconf 85' lang='lat' dir='ltr'>atque</span> 
     </span>
     <span class='ocr_line' id='line_1_12' title="bbox 293 1102 1918 1183; baseline -0.003 -15"><span class='ocrx_word' id='word_1_61' title='bbox 293 1114 465 1168; x_wconf 88' lang='lat' dir='ltr'>etiam</span> <span class='ocrx_word' id='word_1_62' title='bbox 517 1132 673 1183; x_wconf 87' lang='lat' dir='ltr'>rogo.</span> <span class='ocrx_word' id='word_1_63' title='bbox 748 1115 899 1183; x_wconf 69' lang='lat' dir='ltr'>Quin</span> <span class='ocrx_word' id='word_1_64' title='bbox 946 1115 1092 1167; x_wconf 88' lang='lat' dir='ltr'>ultro</span> <span class='ocrx_word' id='word_1_65' title='bbox 1140 1115 1367 1183; x_wconf 86' lang='lat' dir='ltr'>invigila</span> <span class='ocrx_word' id='word_1_66' title='bbox 1405 1114 1712 1183; x_wconf 82' lang='lat' dir='ltr'>petitiones</span> <span class='ocrx_word' id='word_1_67' title='bbox 1740 1121 1796 1164; x_wconf 90' lang='lat' dir='ltr'>et</span> <span class='ocrx_word' id='word_1_68' title='bbox 1826 1102 1918 1163; x_wconf 60' lang='lat' dir='ltr'>dess</span> 
     </span>
     <span class='ocr_line' id='line_1_13' title="bbox 294 1200 1922 1269; baseline -0.001 -16"><span class='ocrx_word' id='word_1_69' title='bbox 294 1200 499 1253; x_wconf 86' lang='lat' dir='ltr'>sideria</span> <span class='ocrx_word' id='word_1_70' title='bbox 538 1200 758 1253; x_wconf 89' lang='lat' dir='ltr'>illorum</span> <span class='ocrx_word' id='word_1_71' title='bbox 801 1219 1105 1268; x_wconf 80' lang='lat' dir='ltr'>occupanS,</span> <span class='ocrx_word' id='word_1_72' title='bbox 1148 1201 1481 1269; x_wconf 88' lang='lat' dir='ltr'>cunctisque</span> <span class='ocrx_word' id='word_1_73' title='bbox 1525 1200 1922 1253; x_wconf 80' lang='lat' dir='ltr'>occasionibus</span> 
     </span>
     <span class='ocr_line' id='line_1_14' title="bbox 294 1285 1923 1357; baseline -0.001 -17"><span class='ocrx_word' id='word_1_74' title='bbox 294 1288 444 1357; x_wconf 86' lang='lat' dir='ltr'>apud</span> <span class='ocrx_word' id='word_1_75' title='bbox 486 1295 787 1356; x_wconf 89' lang='lat' dir='ltr'>praetorem</span> <span class='ocrx_word' id='word_1_76' title='bbox 830 1296 885 1339; x_wconf 90' lang='lat' dir='ltr'>et</span> <span class='ocrx_word' id='word_1_77' title='bbox 927 1285 1255 1355; x_wconf 80' lang='lat' dir='ltr'>praefectum</span> <span class='ocrx_word' id='word_1_78' title='bbox 1298 1286 1480 1339; x_wconf 87' lang='lat' dir='ltr'>aerarii</span> <span class='ocrx_word' id='word_1_79' title='bbox 1522 1286 1677 1355; x_wconf 89' lang='lat' dir='ltr'>regii,</span> <span class='ocrx_word' id='word_1_80' title='bbox 1732 1294 1791 1339; x_wconf 91' lang='lat' dir='ltr'>ut</span> <span class='ocrx_word' id='word_1_81' title='bbox 1842 1287 1923 1339; x_wconf 89' lang='lat' dir='ltr'>eis</span> 
     </span>
     <span class='ocr_line' id='line_1_15' title="bbox 294 1373 1921 1444; baseline -0.001 -17"><span class='ocrx_word' id='word_1_82' title='bbox 294 1374 794 1429; x_wconf 81' lang='lat' dir='ltr'>subministrentur</span> <span class='ocrx_word' id='word_1_83' title='bbox 847 1394 972 1444; x_wconf 80' lang='lat' dir='ltr'>quae</span> <span class='ocrx_word' id='word_1_84' title='bbox 1026 1394 1168 1443; x_wconf 90' lang='lat' dir='ltr'>opus</span> <span class='ocrx_word' id='word_1_85' title='bbox 1222 1383 1370 1437; x_wconf 87' lang='lat' dir='ltr'>sunt,</span> <span class='ocrx_word' id='word_1_86' title='bbox 1427 1382 1722 1443; x_wconf 83' lang='lat' dir='ltr'>satagens3</span> <span class='ocrx_word' id='word_1_87' title='bbox 1785 1373 1921 1442; x_wconf 90' lang='lat' dir='ltr'>quin</span> 
     </span>
     <span class='ocr_line' id='line_1_16' title="bbox 295 1461 1921 1530; baseline 0 -17"><span class='ocrx_word' id='word_1_88' title='bbox 295 1461 467 1521; x_wconf 87' lang='lat' dir='ltr'>etiam</span> <span class='ocrx_word' id='word_1_89' title='bbox 511 1461 605 1514; x_wconf 93' lang='lat' dir='ltr'>ubi</span> <span class='ocrx_word' id='word_1_90' title='bbox 648 1469 884 1529; x_wconf 89' lang='lat' dir='ltr'>urgente</span> <span class='ocrx_word' id='word_1_91' title='bbox 927 1462 1266 1515; x_wconf 79' lang='lat' dir='ltr'>necessitate</span> <span class='ocrx_word' id='word_1_92' title='bbox 1309 1462 1623 1530; x_wconf 83' lang='lat' dir='ltr'>expeditior</span> <span class='ocrx_word' id='word_1_93' title='bbox 1668 1461 1749 1513; x_wconf 89' lang='lat' dir='ltr'>eis</span> <span class='ocrx_word' id='word_1_94' title='bbox 1793 1461 1921 1513; x_wconf 88' lang='lat' dir='ltr'>sub-</span> 
     </span>
     <span class='ocr_line' id='line_1_17' title="bbox 295 1548 1924 1611; baseline 0.002 -12"><span class='ocrx_word' id='word_1_95' title='bbox 295 1549 557 1600; x_wconf 88' lang='lat' dir='ltr'>veniendi</span> <span class='ocrx_word' id='word_1_96' title='bbox 598 1548 742 1601; x_wconf 87' lang='lat' dir='ltr'>ratio</span> <span class='ocrx_word' id='word_1_97' title='bbox 782 1548 1007 1600; x_wconf 76' lang='lat' dir='ltr'>aliunde</span> <span class='ocrx_word' id='word_1_98' title='bbox 1049 1567 1163 1601; x_wconf 91' lang='lat' dir='ltr'>non</span> <span class='ocrx_word' id='word_1_99' title='bbox 1204 1555 1479 1611; x_wconf 83' lang='lat' dir='ltr'>occurret,</span> <span class='ocrx_word' id='word_1_100' title='bbox 1515 1566 1544 1601; x_wconf 94' lang='lat' dir='ltr'>e</span> <span class='ocrx_word' id='word_1_101' title='bbox 1575 1566 1632 1602; x_wconf 89' lang='lat' dir='ltr'>re</span> <span class='ocrx_word' id='word_1_102' title='bbox 1660 1548 1924 1602; x_wconf 80' lang='lat' dir='ltr'>familiari</span> 
     </span>
     <span class='ocr_line' id='line_1_18' title="bbox 297 1632 1486 1701; baseline 0 -16"><span class='ocrx_word' id='word_1_103' title='bbox 297 1634 512 1701; x_wconf 89' lang='lat' dir='ltr'>collegii</span> <span class='ocrx_word' id='word_1_104' title='bbox 546 1634 710 1685; x_wconf 88' lang='lat' dir='ltr'>istius</span> <span class='ocrx_word' id='word_1_105' title='bbox 751 1634 857 1685; x_wconf 88' lang='lat' dir='ltr'>illis</span> <span class='ocrx_word' id='word_1_106' title='bbox 899 1634 1125 1685; x_wconf 89' lang='lat' dir='ltr'>interim</span> <span class='ocrx_word' id='word_1_107' title='bbox 1167 1632 1486 1685; x_wconf 65' lang='lat' dir='ltr'>consulens</span> 
     </span>
    </p>

    <p class='ocr_par' dir='ltr' id='par_1_5' title="bbox 298 1717 1927 2305">
     <span class='ocr_line' id='line_1_19' title="bbox 369 1717 1924 1788; baseline -0.001 -16"><span class='ocrx_word' id='word_1_108' title='bbox 369 1720 553 1788; x_wconf 89' lang='lat' dir='ltr'>Cupio</span> <span class='ocrx_word' id='word_1_109' title='bbox 613 1728 889 1788; x_wconf 81' lang='lat' dir='ltr'>praeterea</span> <span class='ocrx_word' id='word_1_110' title='bbox 959 1720 1175 1770; x_wconf 80' lang='lat' dir='ltr'>discere</span> <span class='ocrx_word' id='word_1_111' title='bbox 1264 1719 1375 1770; x_wconf 87' lang='lat' dir='ltr'>tuis</span> <span class='ocrx_word' id='word_1_112' title='bbox 1446 1717 1650 1771; x_wconf 89' lang='lat' dir='ltr'>litteris</span> <span class='ocrx_word' id='word_1_113' title='bbox 1720 1718 1924 1786; x_wconf 89' lang='lat' dir='ltr'>ecquid</span> 
     </span>
     <span class='ocr_line' id='line_1_20' title="bbox 298 1804 1923 1874; baseline -0.001 -16"><span class='ocrx_word' id='word_1_114' title='bbox 298 1807 607 1874; x_wconf 84' lang='lat' dir='ltr'>exspectati</span> <span class='ocrx_word' id='word_1_115' title='bbox 660 1824 690 1858; x_wconf 93' lang='lat' dir='ltr'>e</span> <span class='ocrx_word' id='word_1_116' title='bbox 745 1806 1043 1857; x_wconf 76' lang='lat' dir='ltr'>Lusitania</span> <span class='ocrx_word' id='word_1_117' title='bbox 1092 1805 1394 1857; x_wconf 82' lang='lat' dir='ltr'>Societatis</span> <span class='ocrx_word' id='word_1_118' title='bbox 1441 1814 1650 1857; x_wconf 77' lang='lat' dir='ltr'>nostrae</span> <span class='ocrx_word' id='word_1_119' title='bbox 1699 1804 1923 1857; x_wconf 50' lang='lat' dir='ltr'>concio*</span> 
     </span>
     <span class='ocr_line' id='line_1_21' title="bbox 299 1892 1923 1960; baseline 0.001 -17"><span class='ocrx_word' id='word_1_120' title='bbox 299 1900 525 1945; x_wconf 88' lang='lat' dir='ltr'>natores</span> <span class='ocrx_word' id='word_1_121' title='bbox 566 1892 751 1945; x_wconf 92' lang='lat' dir='ltr'>adhuc</span> <span class='ocrx_word' id='word_1_122' title='bbox 797 1895 985 1945; x_wconf 85' lang='lat' dir='ltr'>Goam</span> <span class='ocrx_word' id='word_1_123' title='bbox 1026 1892 1361 1960; x_wconf 87' lang='lat' dir='ltr'>appulerint,</span> <span class='ocrx_word' id='word_1_124' title='bbox 1398 1900 1535 1960; x_wconf 89' lang='lat' dir='ltr'>quot</span> <span class='ocrx_word' id='word_1_125' title='bbox 1565 1892 1601 1942; x_wconf 89' lang='lat' dir='ltr'>ii</span> <span class='ocrx_word' id='word_1_126' title='bbox 1631 1892 1762 1955; x_wconf 86' lang='lat' dir='ltr'>sint,</span> <span class='ocrx_word' id='word_1_127' title='bbox 1804 1892 1923 1960; x_wconf 90' lang='lat' dir='ltr'>qui-</span> 
     </span>
     <span class='ocr_line' id='line_1_22' title="bbox 298 1977 1921 2047; baseline 0.001 -18"><span class='ocrx_word' id='word_1_128' title='bbox 298 1977 401 2030; x_wconf 92' lang='lat' dir='ltr'>bus</span> <span class='ocrx_word' id='word_1_129' title='bbox 441 1977 645 2047; x_wconf 83' lang='lat' dir='ltr'>singuli</span> <span class='ocrx_word' id='word_1_130' title='bbox 685 1978 913 2031; x_wconf 86' lang='lat' dir='ltr'>dotibus</span> <span class='ocrx_word' id='word_1_131' title='bbox 966 1978 1206 2046; x_wconf 80' lang='lat' dir='ltr'>praediti.</span> <span class='ocrx_word' id='word_1_132' title='bbox 1287 1978 1346 2030; x_wconf 85' lang='lat' dir='ltr'>Si</span> <span class='ocrx_word' id='word_1_133' title='bbox 1389 1995 1522 2030; x_wconf 89' lang='lat' dir='ltr'>vero</span> <span class='ocrx_word' id='word_1_134' title='bbox 1568 1979 1921 2042; x_wconf 87' lang='lat' dir='ltr'>advenerint,</span> 
     </span>
     <span class='ocr_line' id='line_1_23' title="bbox 299 2049 1927 2127; baseline 0.002 -12"><span class='ocrx_word' id='word_1_135' title='bbox 299 2063 356 2115; x_wconf 90' lang='lat' dir='ltr'>in</span> <span class='ocrx_word' id='word_1_136' title='bbox 423 2084 619 2117; x_wconf 86' lang='lat' dir='ltr'>eorum</span> <span class='ocrx_word' id='word_1_137' title='bbox 653 2065 1107 2127; x_wconf 61' lang='lat' dir='ltr'>„distributione,</span> <span class='ocrx_word' id='word_1_138' title='bbox 1177 2069 1312 2117; x_wconf 81' lang='lat' dir='ltr'>&#39;ante</span> <span class='ocrx_word' id='word_1_139' title='bbox 1384 2082 1583 2117; x_wconf 90' lang='lat' dir='ltr'>omnes</span> <span class='ocrx_word' id='word_1_140' title='bbox 1650 2049 1927 2118; x_wconf 82' lang='lat' dir='ltr'>habeatur</span> 
     </span>
     <span class='ocr_line' id='line_1_24' title="bbox 299 2151 1925 2218; baseline 0.002 -18"><span class='ocrx_word' id='word_1_141' title='bbox 299 2151 443 2202; x_wconf 90' lang='lat' dir='ltr'>ratio</span> <span class='ocrx_word' id='word_1_142' title='bbox 510 2152 756 2204; x_wconf 88' lang='lat' dir='ltr'>civitatis</span> <span class='ocrx_word' id='word_1_143' title='bbox 828 2151 1180 2213; x_wconf 78' lang='lat' dir='ltr'>CocinensiS,</span> <span class='ocrx_word' id='word_1_144' title='bbox 1248 2170 1373 2218; x_wconf 84' lang='lat' dir='ltr'>quae</span> <span class='ocrx_word' id='word_1_145' title='bbox 1439 2159 1716 2218; x_wconf 88' lang='lat' dir='ltr'>quantum</span> <span class='ocrx_word' id='word_1_146' title='bbox 1788 2151 1925 2204; x_wconf 89' lang='lat' dir='ltr'>boni</span> 
     </span>
     <span class='ocr_line' id='line_1_25' title="bbox 301 2237 1181 2305; baseline 0 -18"><span class='ocrx_word' id='word_1_147' title='bbox 301 2237 538 2289; x_wconf 85' lang='lat' dir='ltr'>oratoris</span> <span class='ocrx_word' id='word_1_148' title='bbox 585 2255 756 2304; x_wconf 90' lang='lat' dir='ltr'>opera</span> <span class='ocrx_word' id='word_1_149' title='bbox 802 2245 983 2305; x_wconf 87' lang='lat' dir='ltr'>egeat,</span> <span class='ocrx_word' id='word_1_150' title='bbox 1046 2238 1181 2289; x_wconf 82' lang='lat' dir='ltr'>scio,</span> 
     </span>
    </p>

    <p class='ocr_par' dir='ltr' id='par_1_6' title="bbox 300 2323 1928 2716">
     <span class='ocr_line' id='line_1_26' title="bbox 374 2323 1921 2391; baseline 0 -16"><span class='ocrx_word' id='word_1_151' title='bbox 374 2323 517 2375; x_wconf 87' lang='lat' dir='ltr'>Haec</span> <span class='ocrx_word' id='word_1_152' title='bbox 578 2323 770 2375; x_wconf 89' lang='lat' dir='ltr'>omnia</span> <span class='ocrx_word' id='word_1_153' title='bbox 820 2341 963 2391; x_wconf 85' lang='lat' dir='ltr'>quae</span> <span class='ocrx_word' id='word_1_154' title='bbox 1030 2323 1131 2375; x_wconf 91' lang='lat' dir='ltr'>tibi</span> <span class='ocrx_word' id='word_1_155' title='bbox 1200 2323 1403 2386; x_wconf 84' lang='lat' dir='ltr'>scribO,</span> <span class='ocrx_word' id='word_1_156' title='bbox 1471 2323 1683 2391; x_wconf 88' lang='lat' dir='ltr'>scripta</span> <span class='ocrx_word' id='word_1_157' title='bbox 1748 2324 1921 2376; x_wconf 90' lang='lat' dir='ltr'>etiam</span> 
     </span>
     <span class='ocr_line' id='line_1_27' title="bbox 300 2409 1926 2477; baseline 0.002 -18"><span class='ocrx_word' id='word_1_158' title='bbox 300 2415 568 2475; x_wconf 88' lang='lat' dir='ltr'>putentur</span> <span class='ocrx_word' id='word_1_159' title='bbox 609 2409 762 2461; x_wconf 90' lang='lat' dir='ltr'>Patri</span> <span class='ocrx_word' id='word_1_160' title='bbox 794 2409 986 2471; x_wconf 90' lang='lat' dir='ltr'>Paulo,</span> <span class='ocrx_word' id='word_1_161' title='bbox 1017 2409 1106 2460; x_wconf 91' lang='lat' dir='ltr'>cui</span> <span class='ocrx_word' id='word_1_162' title='bbox 1134 2409 1611 2470; x_wconf 88' lang='lat' dir='ltr'>communicabis;</span> <span class='ocrx_word' id='word_1_163' title='bbox 1655 2410 1727 2461; x_wconf 91' lang='lat' dir='ltr'>ad</span> <span class='ocrx_word' id='word_1_164' title='bbox 1756 2427 1926 2477; x_wconf 92' lang='lat' dir='ltr'>quem</span> 
     </span>
     <span class='ocr_line' id='line_1_28' title="bbox 302 2494 1928 2564; baseline 0.002 -20"><span class='ocrx_word' id='word_1_165' title='bbox 302 2495 579 2560; x_wconf 87' lang='lat' dir='ltr'>spectabit</span> <span class='ocrx_word' id='word_1_166' title='bbox 632 2495 920 2563; x_wconf 87' lang='lat' dir='ltr'>assignare</span> <span class='ocrx_word' id='word_1_167' title='bbox 972 2494 1468 2547; x_wconf 85' lang='lat' dir='ltr'>concionatoribus</span> <span class='ocrx_word' id='word_1_168' title='bbox 1519 2494 1645 2547; x_wconf 89' lang='lat' dir='ltr'>loca</span> <span class='ocrx_word' id='word_1_169' title='bbox 1696 2495 1755 2547; x_wconf 90' lang='lat' dir='ltr'>in</span> <span class='ocrx_word' id='word_1_170' title='bbox 1809 2495 1928 2564; x_wconf 91' lang='lat' dir='ltr'>qui-</span> 
     </span>
     <span class='ocr_line' id='line_1_29' title="bbox 300 2578 1928 2649; baseline 0.003 -19"><span class='ocrx_word' id='word_1_171' title='bbox 300 2578 404 2630; x_wconf 91' lang='lat' dir='ltr'>bus</span> <span class='ocrx_word' id='word_1_172' title='bbox 459 2580 789 2647; x_wconf 78' lang='lat' dir='ltr'>praedicent,</span> <span class='ocrx_word' id='word_1_173' title='bbox 850 2589 905 2632; x_wconf 88' lang='lat' dir='ltr'>et</span> <span class='ocrx_word' id='word_1_174' title='bbox 960 2597 1056 2632; x_wconf 90' lang='lat' dir='ltr'>eos</span> <span class='ocrx_word' id='word_1_175' title='bbox 1114 2580 1243 2633; x_wconf 87' lang='lat' dir='ltr'>illuc</span> <span class='ocrx_word' id='word_1_176' title='bbox 1301 2599 1403 2649; x_wconf 90' lang='lat' dir='ltr'>pro</span> <span class='ocrx_word' id='word_1_177' title='bbox 1460 2589 1747 2648; x_wconf 87' lang='lat' dir='ltr'>potestate</span> <span class='ocrx_word' id='word_1_178' title='bbox 1798 2582 1928 2635; x_wconf 89' lang='lat' dir='ltr'>mit-</span> 
     </span>
     <span class='ocr_line' id='line_1_30' title="bbox 304 2656 649 2716; baseline 0.006 -2"><span class='ocrx_word' id='word_1_179' title='bbox 304 2668 441 2716; x_wconf 90' lang='lat' dir='ltr'>tere.</span> <span class='ocrx_word' id='word_1_180' title='bbox 647 2656 649 2658; x_wconf 55' lang='grc'><strong>’</strong></span> 
     </span>
    </p>

    <p class='ocr_par' dir='ltr' id='par_1_7' title="bbox 302 2750 1931 3170">
     <span class='ocr_line' id='line_1_31' title="bbox 376 2750 1930 2823; baseline 0.003 -22"><span class='ocrx_word' id='word_1_181' title='bbox 376 2750 531 2803; x_wconf 92' lang='lat' dir='ltr'>Istuc</span> <span class='ocrx_word' id='word_1_182' title='bbox 583 2751 1021 2820; x_wconf 88' lang='lat' dir='ltr'>proficiscuntur</span> <span class='ocrx_word' id='word_1_183' title='bbox 1086 2752 1272 2804; x_wconf 82' lang='lat' dir='ltr'>bonzii</span> <span class='ocrx_word' id='word_1_184' title='bbox 1331 2754 1585 2823; x_wconf 90' lang='lat' dir='ltr'>Japones</span> <span class='ocrx_word' id='word_1_185' title='bbox 1646 2755 1778 2816; x_wconf 90' lang='lat' dir='ltr'>duo,</span> <span class='ocrx_word' id='word_1_186' title='bbox 1833 2754 1930 2822; x_wconf 93' lang='lat' dir='ltr'>qui</span> 
     </span>
     <span class='ocr_line' id='line_1_32' title="bbox 302 2836 1928 2892; baseline 0.004 -6"><span class='ocrx_word' id='word_1_187' title='bbox 302 2838 505 2890; x_wconf 88' lang='lat' dir='ltr'>versati</span> <span class='ocrx_word' id='word_1_188' title='bbox 548 2847 679 2892; x_wconf 89' lang='lat' dir='ltr'>sunt</span> <span class='ocrx_word' id='word_1_189' title='bbox 722 2840 779 2891; x_wconf 91' lang='lat' dir='ltr'>in</span> <span class='ocrx_word' id='word_1_190' title='bbox 822 2836 1131 2892; x_wconf 90' lang='lat' dir='ltr'>academiis</span> <span class='ocrx_word' id='word_1_191' title='bbox 1174 2838 1461 2891; x_wconf 90' lang='lat' dir='ltr'>Meacensi</span> <span class='ocrx_word' id='word_1_192' title='bbox 1490 2846 1545 2892; x_wconf 91' lang='lat' dir='ltr'>et</span> <span class='ocrx_word' id='word_1_193' title='bbox 1575 2839 1928 2892; x_wconf 88' lang='lat' dir='ltr'>Banduensi.</span> 
     </span>
     <span class='ocr_line' id='line_1_33' title="bbox 306 2921 1930 2995; baseline 0.002 -22"><span class='ocrx_word' id='word_1_194' title='bbox 306 2921 502 2978; x_wconf 87' lang='lat' dir='ltr'>Facite</span> <span class='ocrx_word' id='word_1_195' title='bbox 548 2926 672 2980; x_wconf 90' lang='lat' dir='ltr'>illos</span> <span class='ocrx_word' id='word_1_196' title='bbox 715 2927 772 2979; x_wconf 92' lang='lat' dir='ltr'>in</span> <span class='ocrx_word' id='word_1_197' title='bbox 820 2926 1040 2979; x_wconf 88' lang='lat' dir='ltr'>cunctis</span> <span class='ocrx_word' id='word_1_198' title='bbox 1093 2926 1247 2978; x_wconf 89' lang='lat' dir='ltr'>omni</span> <span class='ocrx_word' id='word_1_199' title='bbox 1300 2925 1712 2978; x_wconf 81' lang='lat' dir='ltr'>benevolentiae</span> <span class='ocrx_word' id='word_1_200' title='bbox 1759 2925 1930 2995; x_wconf 91' lang='lat' dir='ltr'>signi-</span> 
     </span>
     <span class='ocr_line' id='line_1_34' title="bbox 304 3008 1931 3084; baseline 0.004 -23"><span class='ocrx_word' id='word_1_201' title='bbox 304 3008 567 3066; x_wconf 91' lang='lat' dir='ltr'>ficatione</span> <span class='ocrx_word' id='word_1_202' title='bbox 619 3014 1052 3076; x_wconf 88' lang='lat' dir='ltr'>demereamini;</span> <span class='ocrx_word' id='word_1_203' title='bbox 1108 3032 1301 3067; x_wconf 89' lang='lat' dir='ltr'>amore</span> <span class='ocrx_word' id='word_1_204' title='bbox 1354 3015 1563 3083; x_wconf 91' lang='lat' dir='ltr'>quippe</span> <span class='ocrx_word' id='word_1_205' title='bbox 1615 3022 1787 3084; x_wconf 91' lang='lat' dir='ltr'>atque</span> <span class='ocrx_word' id='word_1_206' title='bbox 1830 3014 1931 3068; x_wconf 74' lang='lat' dir='ltr'>hu‘-</span> 
     </span>
     <span class='ocr_line' id='line_1_35' title="bbox 306 3098 1657 3170; baseline 0.004 -22"><span class='ocrx_word' id='word_1_207' title='bbox 306 3098 580 3153; x_wconf 85' lang='lat' dir='ltr'>manitate</span> <span class='ocrx_word' id='word_1_208' title='bbox 638 3101 910 3170; x_wconf 89' lang='lat' dir='ltr'>japonica</span> <span class='ocrx_word' id='word_1_209' title='bbox 974 3100 1199 3170; x_wconf 88' lang='lat' dir='ltr'>ingenia</span> <span class='ocrx_word' id='word_1_210' title='bbox 1264 3100 1657 3155; x_wconf 88' lang='lat' dir='ltr'>conciliantur.</span> 
     </span>
    </p>
   </div>
   <div class='ocr_carea' id='block_1_5' title="bbox 0 1735 2639 3798">
    <p class='ocr_par' dir='ltr' id='par_1_8' title="bbox 0 1735 2639 3798">
     <span class='ocr_line' id='line_1_36' title="bbox 2414 1735 2639 1909; baseline 0 -88"><span class='ocrx_word' id='word_1_211' title='bbox 2414 1735 2639 1909; x_wconf 95' lang='lat' dir='ltr'>   </span> 
     </span>
     <span class='ocr_line' id='line_1_37' title="bbox 2414 1909 2639 2159; baseline 0 -77"><span class='ocrx_word' id='word_1_212' title='bbox 2414 1909 2639 2159; x_wconf 95' lang='lat' dir='ltr'>    </span> 
     </span>
     <span class='ocr_line' id='line_1_38' title="bbox 2414 2159 2639 2339; baseline 0 -92"><span class='ocrx_word' id='word_1_213' title='bbox 2414 2159 2639 2339; x_wconf 95' lang='lat' dir='ltr'>   </span> 
     </span>
     <span class='ocr_line' id='line_1_39' title="bbox 2412 2339 2639 2511; baseline 0 0"><span class='ocrx_word' id='word_1_214' title='bbox 2412 2339 2639 2511; x_wconf 95' lang='lat' dir='ltr'>  </span> 
     </span>
     <span class='ocr_line' id='line_1_40' title="bbox 2410 2511 2639 2740; baseline 0 -42"><span class='ocrx_word' id='word_1_215' title='bbox 2410 2511 2639 2740; x_wconf 95' lang='lat' dir='ltr'>   </span> 
     </span>
     <span class='ocr_line' id='line_1_41' title="bbox 2408 2740 2639 2920; baseline 0 0"><span class='ocrx_word' id='word_1_216' title='bbox 2408 2740 2639 2920; x_wconf 95' lang='lat' dir='ltr'>  </span> 
     </span>
     <span class='ocr_line' id='line_1_42' title="bbox 2406 2920 2639 3032; baseline 0 766"><span class='ocrx_word' id='word_1_217' title='bbox 2406 2920 2639 3032; x_wconf 95' lang='lat' dir='ltr'> </span> 
     </span>
     <span class='ocr_line' id='line_1_43' title="bbox 0 3032 2639 3798; baseline 0 -592"><span class='ocrx_word' id='word_1_218' title='bbox 0 3032 2639 3798; x_wconf 95' lang='lat' dir='ltr'>    </span> 
     </span>
    </p>
   </div>
   <div class='ocr_carea' id='block_1_6' title="bbox 2556 776 2639 1735">
    <p class='ocr_par' dir='ltr' id='par_1_9' title="bbox 2556 776 2639 1735">
     <span class='ocr_line' id='line_1_44' title="bbox 2558 776 2639 958; baseline 0 -107"><span class='ocrx_word' id='word_1_219' title='bbox 2558 776 2639 958; x_wconf 95' lang='lat' dir='ltr'>  </span> 
     </span>
     <span class='ocr_line' id='line_1_45' title="bbox 2556 958 2639 1050; baseline 0 2748"><span class='ocrx_word' id='word_1_220' title='bbox 2556 958 2639 1050; x_wconf 95' lang='lat' dir='ltr'> </span> 
     </span>
     <span class='ocr_line' id='line_1_46' title="bbox 2556 1050 2639 1136; baseline 0 2662"><span class='ocrx_word' id='word_1_221' title='bbox 2556 1050 2639 1136; x_wconf 95' lang='lat' dir='ltr'> </span> 
     </span>
     <span class='ocr_line' id='line_1_47' title="bbox 2556 1136 2639 1223; baseline 0 2575"><span class='ocrx_word' id='word_1_222' title='bbox 2556 1136 2639 1223; x_wconf 95' lang='lat' dir='ltr'> </span> 
     </span>
     <span class='ocr_line' id='line_1_48' title="bbox 2556 1223 2639 1303; baseline 0 2495"><span class='ocrx_word' id='word_1_223' title='bbox 2556 1223 2639 1303; x_wconf 95' lang='lat' dir='ltr'> </span> 
     </span>
     <span class='ocr_line' id='line_1_49' title="bbox 2556 1303 2639 1393; baseline 0 2405"><span class='ocrx_word' id='word_1_224' title='bbox 2556 1303 2639 1393; x_wconf 95' lang='lat' dir='ltr'> </span> 
     </span>
     <span class='ocr_line' id='line_1_50' title="bbox 2556 1393 2639 1479; baseline 0 2319"><span class='ocrx_word' id='word_1_225' title='bbox 2556 1393 2639 1479; x_wconf 95' lang='lat' dir='ltr'> </span> 
     </span>
     <span class='ocr_line' id='line_1_51' title="bbox 2556 1479 2639 1564; baseline 0 2234"><span class='ocrx_word' id='word_1_226' title='bbox 2556 1479 2639 1564; x_wconf 95' lang='lat' dir='ltr'> </span> 
     </span>
     <span class='ocr_line' id='line_1_52' title="bbox 2556 1564 2639 1735; baseline 0 -93"><span class='ocrx_word' id='word_1_227' title='bbox 2556 1564 2639 1735; x_wconf 95' lang='lat' dir='ltr'>  </span> 
     </span>
    </p>
   </div>
  </div>
 </body>
</html>
