2649 3754
596 335 700 405 178
976 352 1162 392 LIBER
1197 352 1325 392 vm.
1348 352 1736 393 —EP1sT0LA
1779 351 1843 392 11.

681 488 825 542 Sunt
863 488 1116 557 Japones
1156 485 1390 541 honoris
1429 505 1496 542 ac
1536 486 1830 557 dignitatis
1868 486 2231 557 perstud-iosi,

598 594 771 645 seque
823 592 1111 628 armorum
1163 574 1341 645 gloria
1391 575 1703 645 bellicaque
1771 573 1979 629 virtute
2040 574 2223 628 omni-

598 662 704 716 bus
768 662 1095 716 nationibus
1159 669 1431 732 praestare
1495 663 1869 727 arbitrantur;
1947 679 2106 715 arma
2172 662 2230 715 in

596 749 811 805 honore
851 767 918 805 ac
956 750 1140 820 pretio
1179 749 1411 816 habent,
1454 750 1717 821 nullaque
1745 768 1804 806 re
1834 750 2017 820 magis
2054 768 2224 821 quam

601 836 775 891 armis
802 856 940 891 auro
968 844 1317 907 argentoque
1353 837 1671 907 insignibus
1698 837 2027 907 gloriantur.
2097 837 2228 893 Gla-

595 926 721 978 dios
750 933 805 979 et
845 925 1121 995 pugiones
1159 934 1435 995 perpetuo
1473 933 1701 995 gestant
1740 933 1864 979 tum
1904 922 2061 978 dorni
2100 931 2221 978 tum

597 1012 760 1075 foris;
815 1012 910 1065 ubi
959 1013 1213 1066 cubitum
1264 1013 1584 1077 discedunt,
1625 1032 1655 1066 e
1694 1012 1953 1066 cervicali
1993 1030 2225 1081 suspen-

601 1100 763 1153 dunt.
844 1101 1032 1159 Armis
1058 1108 1297 1154 *tantum
1338 1101 1594 1154 tribuunt
1622 1108 1900 1170 quantum
1943 1099 2094 1153 nulla
2121 1100 2231 1153 alia

600 1186 758 1240 natio
805 1204 873 1240 ex
919 1186 987 1240 iis
1039 1205 1181 1255 quas
1233 1205 1338 1256 ego
1390 1187 1524 1241 vidi.
1606 1187 1897 1256 Sagittarii
1951 1194 2084 1241 sunt
2134 1205 2228 1256 pe-

594 1271 875 1335 ritissimi3
947 1273 1306 1342 pedestribus
1378 1272 1493 1327 fere
1568 1273 1776 1342 praeliis
1851 1273 2223 1337 contendunt,

592 1379 942 1430 quamquam
985 1362 1144 1430 equis
1189 1361 1343 1431 regio
1386 1380 1500 1414 non
1545 1370 1717 1415 caret.
1799 1363 1956 1415 Inter
1997 1380 2057 1415 se
2099 1380 2222 1430 per-

602 1448 838 1502 officiosi
898 1458 1057 1512 sunt3
1129 1469 1259 1502 cum
1319 1449 1570 1513 adveni5‚
1631 1469 1773 1519 quos
1831 1457 2228 1513 contemnunt,

599 1555 714 1592 non
756 1538 913 1591 item.
996 1541 1141 1591 Rem
1184 1538 1519 1591 familiarem
1563 1539 1620 1591 in
1663 1539 1853 1602 armiS,
1901 1538 2055 1591 cultu
2108 1556 2227 1591 cor-

598 1625 770 1695 poriS,
837 1633 893 1681 et
952 1643 1243 1680 servorum
1318 1626 1594 1680 comitatu
1660 1633 2023 1690 consumunt,
2088 1625 2228 1679 nihil

595 1711 830 1767 omnino
862 1712 932 1766 de
960 1712 1351 1768 coacervanda
1397 1711 1637 1782 pecunia
1679 1711 2022 1767 laborantes
2102 1711 2227 1766 Bel-

594 1799 754 1854 licosi
817 1799 985 1869 plane
1047 1808 1179 1854 sunt
1233 1807 1289 1853 et
1342 1799 1702 1853 continenter
1762 1798 1907 1852 bella
1969 1798 2117 1851 inter
2169 1816 2228 1851 se

591 1894 822 1957 gerunt:
883 1895 945 1941 ut
993 1888 1232 1957 quisque
1277 1886 1583 1956 plurimum
1635 1885 1848 1939 viribus
1900 1885 2092 1954 pollet,
2148 1885 2228 1938 ita

596 1973 872 2028 latissime
900 1973 1247 2027 dominatur.
1316 1974 1532 2041 Regem
1562 1989 1736 2025 unum
1765 1971 1995 2035 habent,
2023 1977 2228 2024 tamet-

585 2060 633 2115 si
673 2059 840 2115 annis
879 2059 1088 2115 abhinc
1136 2067 1367 2115 centum
1413 2059 1828 2129 quinquaginta
1867 2058 1917 2113 ei
1958 2059 2217 2129 dynastae

590 2168 788 2219 parere
855 2148 1163 2212 desierunt,
1233 2167 1360 2218 quae
1426 2155 1830 2217 perpetuorum
1900 2154 1985 2201 est
2057 2165 2228 2201 causa

596 2235 891 2289 bellorum.

673 2324 916 2393 Magnus
969 2330 1053 2376 est
1115 2321 1205 2375 his
1266 2322 1404 2376 locis
1466 2339 1736 2374 numerus
1797 2330 1918 2383 tum
1980 2321 2227 2374 virorum

595 2416 721 2464 tum
762 2408 1102 2463 feminarum
1144 2408 1464 2478 religiosam
1505 2408 1733 2463 vivendi
1779 2408 2058 2463 rationem
2101 2426 2227 2479 pro-

596 2494 900 2559 fitentium,
945 2494 1181 2549 bonzios
1225 2501 1280 2549 et
1323 2494 1557 2548 bonzias
1599 2494 1904 2564 appellant.
1984 2495 2227 2549 Bonzio-

595 2600 721 2634 rum
751 2582 864 2635 duo
893 2588 1026 2635 sunt
1058 2599 1293 2649 genera:
1336 2580 1430 2633 alii
1467 2581 1762 2635 cineraceo
1800 2570 2035 2635 utuntur
2060 2583 2227 2635 vesti-

595 2676 678 2732 tu,
708 2668 802 2720 alii
830 2668 1010 2736 nigro.
1071 2670 1197 2720 Hos
1225 2668 1372 2721 inter
1399 2687 1622 2736 magnae
1650 2667 2010 2722 intercedunt
2038 2667 2227 2722 simul-

592 2760 769 2806 tates:
812 2753 1090 2806 cineracei
1130 2753 1330 2806 atratis
1369 2753 1573 2806 infensi
1614 2761 1746 2806 sunt
1785 2753 1970 2823 vulgO,
2012 2772 2222 2823 eosque

593 2838 836 2892 inscitiae
882 2847 1127 2908 arguunt
1174 2847 1345 2908 atque
1391 2839 1795 2908 improbitatis
1876 2839 2222 2892 Bonziarum

593 2926 835 2980 totidem
877 2934 1008 2979 sunt
1048 2944 1274 2994 genera,
1316 2926 1525 2995 partim
1567 2927 1809 2990 cinerea,
1851 2927 2060 2995 partim
2100 2934 2224 2979 atra

593 3019 751 3064 veste
804 3012 1081 3080 insignes:
1148 3013 1366 3063 bonziis
1435 3021 1637 3080 parent
1690 3013 1776 3064 sui
1829 3020 2083 3080 utraeque
2135 3030 2226 3080 ge-

593 3098 743 3153 neris
781 3106 836 3153 et
880 3098 1101 3153 coloris.
1182 3098 1531 3153 Bonziorum
1575 3118 1641 3153 ac
1685 3099 2017 3153 bonziarum
2061 3099 2224 3153 innu-
