2649 3754
610 405 712 458 172
1007 404 1193 441 LIBER
1230 404 1359 441 VIII.
1379 418 1453 425 -·
1475 402 1772 440 EPISTOLA
1810 402 1850 439 Ι.

608 555 638 589 e
673 538 961 590 Societate
995 539 1307 591 amandare
1345 538 1417 591 sit
1456 556 1706 591 necesse.
1788 538 1876 589 De
1912 536 2001 588 his
2036 535 2247 597 videat,

608 642 819 696 quaes0,
860 634 960 680 tua
1001 635 1203 681 sancta
1261 627 1511 681 charitas
1545 645 1618 679 an
1649 645 1678 680 e
1707 644 1765 679 re
1799 614 1871 679 sit
1903 624 2244 692 Magistrum

612 713 907 767 Simonem
952 733 1053 782 per
1099 723 1156 767 te
1200 714 1519 767 admoneri.

683 800 885 870 Neque
931 801 1027 871 qui
1074 821 1104 854 e
1153 801 1443 855 Societate
1491 820 1642 854 nunc
1697 807 1829 853 sunt
1882 796 2248 868 Amangucii,

609 908 793 960 neque
851 890 966 960 qui,
1034 909 1164 943 cum
1230 889 1322 944 hic
1381 891 1503 959 jam
1567 897 1866 943 versentur
1924 888 1980 941 in
2042 887 2241 952 Indiis,

609 994 761 1029 anno
813 977 1073 1044 proximo
1125 977 1212 1030 vel
1265 977 1389 1030 aliis
1442 977 1946 1046 consequentibUS,
1995 976 2041 1028 si
2091 976 2249 1028 Deus

609 1062 778 1126 volet,
809 1064 867 1115 in
908 1063 1216 1134 Japoniam
1262 1064 1394 1116 ituri
1439 1072 1588 1126 sunt,
1634 1063 1824 1116 idonei
1872 1062 2012 1114 mihi
2054 1061 2249 1114 viden-

610 1156 719 1211 tur,
751 1149 847 1217 qui
892 1150 1196 1202 mittantur
1237 1151 1307 1202 ad
1356 1149 1479 1202 illas
1528 1149 1873 1202 academias,
1952 1150 2166 1201 Verum
2195 1147 2252 1200 hi

609 1235 894 1287 vacabunt
939 1236 1163 1288 interim
1215 1235 1580 1288 addiscendae
1627 1235 1853 1302 linguae,
1899 1252 2252 1301 cognoscen-

612 1320 813 1389 disque
856 1321 1222 1389 dogmatibus
1266 1331 1571 1384 sectarum,
1617 1329 1678 1373 ut
1722 1339 1851 1373 cum
1881 1321 2142 1373 venerint
2187 1339 2255 1373 ex

614 1409 848 1475 Europa
895 1426 1037 1476 quos
1081 1419 1480 1476 exspectamus
1524 1426 1553 1460 e
1597 1409 1723 1460 sinu
1767 1417 1866 1460 tuo
1908 1409 2126 1471 PatreS,
2157 1409 2254 1461 do-

614 1494 867 1546 mesticis
911 1495 1048 1562 ipsis
1091 1502 1147 1547 et
1191 1495 1319 1547 fidis
1359 1495 1439 1547 uti
1478 1494 1701 1562 possint
1746 1494 2151 1561 interpretibus
2195 1494 2253 1546 in

613 1582 1138 1634 concertationibus
1185 1583 1457 1634 adversus
1503 1582 1759 1634 bonzios.

688 1670 1025 1721 Verisimilis
1097 1670 1234 1722 mihi
1301 1689 1430 1738 spes
1488 1678 1573 1723 est
1634 1670 2018 1738 profecturam
2084 1669 2253 1737 pluri-

616 1774 771 1809 mum
807 1765 861 1809 et
900 1757 1052 1824 large
1093 1757 1560 1824 amplificandam
1602 1756 2106 1824 Amangucianam
2151 1757 2259 1809 Ec-

615 1842 866 1894 clesiam.
949 1843 1093 1895 Sunt
1142 1842 1293 1894 enim
1336 1843 1457 1911 jam
1503 1843 1577 1894 ibi
1622 1842 1921 1895 christiani
1970 1842 2151 1905 multi,
2197 1850 2253 1894 et

615 1929 764 1981 inter
804 1930 927 1981 illos
968 1949 1083 1981 non
1124 1930 1290 1996 pauci
1330 1930 1495 1981 valde
1535 1931 1690 1991 boni,
1722 1949 1789 1981 ac
1826 1930 1958 1981 novi
2000 1930 2256 1997 quotidie

618 2015 844 2082 plurimi
892 2015 1322 2067 catechizantur
1368 2023 1422 2068 et
1469 2016 1854 2083 baptizantur.

691 2102 836 2154 Vivo
888 2102 944 2153 in
1007 2121 1105 2170 spe
1173 2121 1380 2170 magna
1445 2101 1564 2154 fore
1617 2111 1678 2155 ut
1747 2104 1904 2155 Deus
1972 2102 2258 2155 Dominus
2333 2133 2336 2137 -

617 2198 811 2241 noster
850 2189 1015 2240 nobis
1059 2197 1242 2241 servet
1290 2191 1519 2241 Patrem
1565 2191 1843 2242 Cosmum
1887 2190 2255 2253 Turrianum,

616 2283 671 2327 et
713 2276 1001 2344 Joannem
1058 2276 1415 2338 FernandeZ,
1473 2293 1577 2328 nec
1626 2276 1775 2328 sinat
1823 2276 1894 2328 ab
1943 2275 2259 2329 idololatris

618 2362 877 2426 interfici,
941 2362 1188 2431 primum
1252 2363 1384 2432 quia
1446 2363 1630 2432 prima
1689 2371 1743 2417 et
1806 2363 2259 2432 praesentissima

617 2450 995 2519 periculorum
1056 2451 1176 2518 jam
1241 2451 1508 2503 videntur
1581 2452 1847 2513 evasisse,
1926 2450 2084 2504 furiis
2150 2452 2258 2503 illis

616 2536 951 2590 bonziorum
992 2536 1176 2604 prima
1205 2536 1517 2589 offensione
1546 2536 1919 2589 inflammatis
1961 2556 2121 2590 mora
2161 2538 2254 2590 de-

617 2623 751 2675 hinc
798 2623 1090 2690 mitigatis,
1140 2630 1194 2674 et
1238 2623 1450 2674 sensim
1499 2623 2061 2675 eonsenescentibUS.
2143 2624 2254 2673 De-

618 2711 750 2761 inde
804 2710 936 2778 quia
991 2710 1170 2772 multi,
1226 2719 1286 2760 ut
1342 2711 1473 2773 dixi,
1530 2711 1604 2760 ibi
1659 2710 1954 2761 christiani
2005 2720 2156 2773 sunt,
2202 2718 2257 2761 et

620 2797 769 2848 inter
810 2814 908 2848 eos
951 2814 1065 2848 non
1107 2798 1274 2866 pauci
1318 2798 1598 2866 dignitate
1636 2805 1690 2850 et
1729 2798 2074 2850 auctoritate
2119 2813 2259 2866 prae-

622 2890 860 2946 stanteS,
915 2884 1009 2952 qui
1064 2900 1272 2952 magno
1326 2884 1517 2937 studio
1571 2884 1866 2953 invigilant
1915 2884 2010 2937 diu
2061 2890 2261 2937 noctu-

622 2988 731 3039 que
784 2970 1203 3024 conservationi
1258 2979 1607 3025 nostrorum.
1699 2973 1954 3042 Joannes
2010 2972 2264 3025 Fernan-

623 3059 745 3123 deZ,
794 3059 900 3112 etsi
949 3058 1088 3112 nihil
1135 3059 1242 3112 nisi
1285 3059 1463 3112 laicus
1507 3068 1610 3123 est,
1656 3068 1852 3113 tamen
1900 3060 2053 3128 quod
2101 3076 2264 3126 expe-

624 3147 741 3199 dite
788 3147 965 3200 utitur
1009 3148 1201 3217 lingua
1248 3148 1538 3217 japonica‚
1587 3156 1643 3200 et
1690 3148 1968 3219 quidquid
2016 3147 2093 3199 illi
2142 3162 2268 3214 sug-
