2639 3798
682 356 864 396 LIBER
905 340 1386 413 1x.2—EP1ST0LA
1428 358 1531 396 vn.
1818 360 1920 414 375

362 485 528 554 Quod
577 484 623 537 si
672 484 798 553 quis
838 502 1003 538 casus
1051 485 1303 539 obstaret
1344 486 1652 555 quominus
1698 486 1916 541 litteras

285 591 318 628 a
384 572 614 626 Perezio
678 572 749 625 ad
813 572 1122 625 Herediam
1189 572 1430 642 scriptas
1494 556 1753 637 hebere&
1821 574 1915 626 ubi

286 659 566 714 Coeinum
594 658 834 722 veneriS,
873 658 1073 712 exhibe
1105 660 1256 712 Patri
1289 661 1555 714 Herediae
1598 661 1709 714 illic
1747 663 1913 714 colle-

283 747 435 818 gium
491 746 706 817 regenti
753 746 856 798 has
902 746 1053 814 ipsas
1106 747 1175 800 ad
1222 754 1279 800 te
1327 765 1483 801 meas
1527 747 1765 802 litteraS.
1847 749 1913 802 Id
1981 784 1984 785 ν

285 836 522 889 sufficiet
573 843 633 887 ut
680 834 727 886 is
773 835 1048 903 intelligat
1101 835 1236 903 quid
1289 853 1391 903 pro
1442 844 1500 888 te
1552 834 1799 904 cupiam,
1856 844 1911 888 et

284 921 499 977 scilicet
539 920 743 975 efficiat
780 920 941 975 enixe
975 921 1127 990 quod
1159 921 1385 990 poterit,
1417 922 1489 975 ad
1517 922 1620 975 tibi
1651 922 1915 976 alicunde

285 1009 701 1078 corrogandum
734 1007 1124 1076 pecuniarium
1158 1008 1473 1062 subsidium
1507 1009 1838 1077 quodpiam.

355 1096 444 1152 Tu
471 1113 623 1159 vero,
653 1095 859 1150 iterum
888 1094 1061 1150 etiam
1098 1102 1270 1166 atque
1298 1094 1471 1148 etiam
1500 1112 1656 1166 r0g0‚
1693 1113 1912 1148 memor

284 1183 361 1236 sis
412 1201 610 1235 curare
656 1181 957 1250 diligenter
1005 1182 1201 1235 Patres
1252 1188 1443 1236 tecum
1496 1183 1554 1236 in
1599 1185 1909 1254 Japoniam

281 1272 476 1334 ituros,
525 1271 704 1339 iisque
751 1269 986 1338 obsequi
1033 1287 1099 1321 ac
1146 1268 1352 1321 servire
1398 1269 1510 1322 fide
1557 1288 1820 1323 summa.¹

355 1341 520 1411 Addo
560 1356 652 1409 hic
693 1374 820 1409 mea
860 1373 1051 1419 manu,
1096 1358 1349 1427 Joannes
1397 1356 1502 1410 fili:
1558 1356 1703 1410 servi
1749 1356 1915 1410 valde

282 1445 426 1499 bene
457 1443 719 1498 Patribus
753 1450 944 1498 tecum
981 1442 1143 1497 ituris
1179 1442 1236 1495 in
1271 1442 1598 1514 Japoniam,
1636 1451 1691 1497 et
1731 1444 1916 1497 deduc

286 1552 384 1587 eos
431 1531 852 1602 Amangucium
906 1550 1103 1601 usque.

432 1679 824 1742 Tibissarnicus
871 1676 1189 1741 exanimo,

1442 1825 1841 1877 FRANCISCUS.

361 2011 664 2078 Inscriptio
707 2010 949 2062 exterior
1001 2009 1057 2060 in
1106 2028 1214 2061 una
1261 2009 1558 2076 plicaturae
1616 2008 1757 2062 facie
1804 2009 1925 2062 haec

288 2104 436 2151 erat:

1317 2207 1528 2275 Joamzi
1570 2232 1677 2264 meo
1704 2213 1844 2281 filio.

438 2401 504 2453 In
542 2400 721 2454 altera
758 2401 879 2454 haec
917 2401 1231 2467 legebatur:
1273 2403 1510 2472 Joamzes
1539 2401 1646 2469 fili,
1681 2396 1923 2464 Jocz-nnes

288 2486 522 2537 Bravius
568 2487 664 2538 tibi
709 2487 836 2554 leget
880 2487 1012 2539 hanc
1063 2489 1347 2555 epistolam.
