2665 3754
679 367 783 419 280
1030 378 1212 416 LIBER
1251 378 1379 416 vm.
1403 378 1787 416 —Ems‘rorA
1825 377 1938 414 xix.

1126 650 1348 711 EPIS
1357 650 1421 710 T
1425 649 1607 711 OLA
1670 649 1859 711 XIX.

898 893 1167 973 Joanni
1220 893 1351 954 111.
1404 892 1589 974 Regi
1639 891 2073 954 Lusitaniae.

742 1138 958 1190 Litterae
987 1138 1031 1190 C
1037 1138 1181 1189 ocino
1222 1137 1409 1198 missae;
1437 1137 1713 1190 constituta
1750 1137 1808 1188 in
1836 1137 1998 1191 Sinas
2028 1137 2297 1208 profectio,

669 1230 717 1277 et
763 1230 920 1293 grata
973 1226 1339 1293 munzficentiae
1392 1226 1550 1293 regiae
1613 1226 2047 1278 commemoratio·
2123 1226 2300 1278 Enixa

668 1315 823 1379 rogat
883 1315 940 1361 ut
985 1309 1042 1360 in
1090 1309 1353 1362 Orientem
1397 1328 1420 1361 e
1462 1309 1714 1362 Societate
1759 1309 1933 1361 mittat
1995 1309 2301 1379 complures,

666 1415 768 1467 qua
811 1398 871 1449 de
913 1416 967 1449 re
999 1398 1198 1450 litteras
1241 1398 1310 1449 ad
1350 1399 1415 1449 P.
1450 1398 1723 1467 Ignatium
1766 1398 1891 1449 dare
1931 1415 1993 1448 ne
2030 1403 2299 1466 gravetur.

839 1571 912 1610 OC
970 1557 1093 1625 ipso
1146 1574 1297 1610 anno
1350 1575 1380 1610 e
1429 1557 1673 1627 Japonia
1730 1566 2035 1620 revertenS,
2092 1555 2293 1610 Cocini

873 1643 1091 1696 litteras
1133 1644 1204 1696 ad
1251 1652 1409 1697 tuam
1456 1644 1819 1712 Majestatem
1865 1643 2102 1696 navibus
2134 1642 2293 1696 Lusi-

661 1731 880 1784 taniam
933 1731 1261 1799 petentibus
1306 1731 1454 1793 dedi,
1503 1732 1708 1800 quibus
1761 1731 2134 1783 ostendebam
2187 1748 2300 1800 quo

664 1818 791 1870 loco
831 1835 919 1870 res
960 1818 1270 1870 christiana
1310 1826 1476 1887 esset,
1516 1836 1686 1887 quam
1730 1819 1934 1871 idonea
1974 1828 2029 1872 et
2072 1835 2295 1871 accom-

668 1906 901 1958 modata
944 1906 1015 1957 ad
1064 1906 1278 1958 Christi
1322 1906 1650 1974 religionem
1697 1907 2117 1974 suscipiendam
2161 1922 2301 1973 gens

667 1991 949 2060 Japonica
994 1991 1297 2044 videretur.

739 2076 847 2129 His
898 2077 1179 2128 addebam
1236 2077 1421 2145 Bungi
1476 2095 1665 2145 regem
1718 2085 1945 2130 tuarum
2011 2076 2291 2145 regiarum

662 2162 937 2215 virtutum
999 2162 1420 2230 perstudiosum
1474 2180 1615 2224 esse,
1670 2163 1741 2215 ab
1794 2181 1975 2232 eoque
2028 2162 2296 2236 amicitiae

666 2252 923 2305 obsidem
977 2252 1259 2321 egregiam
1314 2253 1384 2304 ad
1437 2261 1494 2305 te
1563 2252 1712 2305 mitti
1771 2251 2005 2304 loricam
2022 2269 2034 2312 ;
2101 2269 2132 2302 e
2200 2250 2299 2302 So-

668 2342 873 2396 cietate
917 2343 1060 2395 duos
1102 2342 1433 2412 propediem
1476 2340 1829 2412 profecturos
1875 2338 2295 2410 Amangucium

661 2429 923 2498 Japoniae
971 2429 1187 2490 urbem,
1236 2429 1330 2481 ubi
1380 2430 1501 2496 jam
1548 2429 1786 2481 ecclesia
1837 2436 1893 2480 et
1947 2427 2300 2479 domicilium

669 2515 975 2569 Societatis
1018 2524 1102 2568 est
1147 2515 1551 2577 constitutum;
1600 2515 1842 2568 totidem
1887 2521 2146 2583 spectata
2189 2511 2300 2565 fide

666 2620 733 2656 ac
779 2603 1064 2671 probitate
1100 2604 1231 2672 „jam
1286 2605 1500 2656 dudum
1556 2604 1611 2655 in
1666 2602 2083 2672 neophytorum
2139 2600 2296 2654 insti-

669 2690 949 2743 tutionem
996 2690 1134 2741 inibi
1182 2691 1526 2743 incumbere.

746 2776 910 2829 Faxit
953 2777 1125 2839 Beue,
1173 2785 1232 2828 ut
1276 2785 1388 2829 tuae
1431 2776 1922 2845 praestantissimae
1968 2775 2297 2828 munificen-

668 2861 765 2914 tiae
819 2879 944 2929 ope,
1000 2863 1076 2914 ibi
1130 2880 1355 2931 quoque
1408 2863 1719 2915 christiana
1783 2880 1870 2914 res
1924 2862 2303 2930 amplificetur

673 2968 845 3019 quam
891 2949 1162 3002 maxime!

746 3035 890 3089 Illud
956 3053 1179 3105 quoque
1244 3036 1657 3099 adscribebam,
1720 3035 1856 3088 mihi
1921 3034 2295 3088 deliberatum

670 3142 794 3176 esse
838 3124 1182 3176 contendere
1227 3124 1282 3176 in
1328 3124 1514 3185 SinaS,
1559 3124 1709 3192 quod
1753 3141 2062 3192 permagna
2108 3129 2296 3175 osten-
