2649 3754
645 308 749 363 128
1024 323 1210 362 LIBER
1248 324 1353 363 vn.
1374 339 1447 349 —
1467 325 1763 366 Emsrom
1802 327 1881 365 iv.

642 459 888 530 amplius
915 459 1297 524 celebrantur;
1339 470 1631 531 postrema
1657 481 1792 517 vero
1817 464 1984 534 longe
2011 460 2274 517 omniu-m>

643 548 997 599 nobilissima
1033 556 1088 600 et
1130 549 1588 617 frequentissima
1628 550 1801 602 distat
1841 549 2084 619 longius.
2132 540 2140 569 ⁵
2163 551 2271 604 Est

643 642 837 687 autem
884 634 1147 688 dioecesis
1210 636 1573 688 Ban-duensis
1628 636 1947 705 perampla3
2004 627 2269 690 sex‘eam

642 719 904 775 obtinent
938 721 1130 790 reguli,
1161 739 1191 775 e
1219 722 1423 791 quibus
1453 722 1548 775 uni
1576 722 1774 791 reliqui
1812 741 2013 776 omnes
2047 719 2270 791 parent,

643 806 764 877 ipse
824 827 958 861 vero
1017 808 1264 880 Japonio
1315 809 1450 879 regi,
1499 810 1601 879 ⁴qui
1655 828 1896 879 magnus
1957 805 2083 863 rex'
2117 810 2271 864 Mea·

643 895 830 947 censis
879 903 1134 949 vocatur.
1221 897 1310 949 Ad
1362 895 1486 950 haec
1540 896 1718 950 multa
1771 914 1995 965 quoque
2048 888 2271 950 minora

641 981 938 1053 gymnasia
983 990 1107 1036 toto
1152 1000 1325 1051 regno
1371 1002 1495 1036 esse
1541 983 1823 1037 dicuntur.
1903 982 2166 1052 Denique
2211 983 2270 1036 in

643 1069 753 1124 hoc
804 1088 1011 1139 genere
1056 1078 1141 1123 tot
1194 1078 1325 1123 sunt
1379 1089 1505 1139 quae
1558 1070 1821 1123 audimus
1867 1088 1933 1123 ac
1978 1078 2161 1133 tanta,
2208 1078 2270 1123 ut

642 1175 710 1211 ea
759 1157 915 1225 prius
967 1156 1145 1210 oculis
1195 1157 1301 1226 ipsi
1354 1174 1584 1210 cernere
1643 1175 1814 1226 quam
1879 1156 2002 1208 aliis
2065 1155 2271 1210 referre

641 1242 729 1296 vel
756 1242 1034 1295 affirmare
1074 1242 1390 1311 cupiamuS.
1470 1244 1618 1296 Cum
1660 1242 1740 1295 ita
1779 1260 1901 1295 esse
1930 1261 1989 1295 re
2015 1240 2147 1313 ipsa
2172 1261 2271 1296 no·
2322 1239 2324 1241 ¹

642 1328 732 1383 bis
770 1337 1126 1397 compertum
1168 1328 1353 1392 fuerit,
1393 1337 1530 1382 tunc
1571 1338 1778 1382 cuncta
1819 1329 1995 1383 fusius
2033 1330 2271 1400 perscri-

644 1417 864 1471 bemus,

720 1506 888 1577 Quod
934 1506 980 1559 si
1032 1504 1340 1575 provinciae
1393 1513 1608 1560 statum
1661 1506 1939 1575 ejusmodi
1995 1504 2270 1576 cognove-

645 1592 823 1648 rimus
868 1600 929 1646 ut
975 1592 1032 1645 in
1078 1592 1476 1646 convertendis
1521 1593 1594 1645 ad
1649 1592 1962 1645 Dominum
2008 1592 2272 1663 gentibus

647 1680 889 1735 multum
929 1680 1126 1749 profici
1166 1680 1366 1748 possit,
1417 1681 1489 1732 ad
1532 1698 1733 1732 omnes
1771 1681 2087 1750 praecipuas
2126 1680 2270 1734 chri·

645 1768 963 1822 stianorum
1019 1768 1360 1830 academiaS‚
1414 1768 1702 1836 religionis
1753 1776 1809 1820 et
1862 1768 2029 1821 officii
2080 1762 2270 1833 causa,

646 1855 883 1910 forsitan
943 1855 1161 1908 litteras
1222 1854 1503 1919 dabimu5‚
1567 1862 1628 1908 ut
1690 1854 1747 1908 in
1809 1855 1890 1908 eis
1951 1855 2272 1926 quicunque

647 1943 876 2012 ingenio
927 1942 1247 2011 virtuteque
1314 1941 1613 2005 excellunt,
1680 1941 1769 1994 vel
1834 1941 1893 1993 in
1959 1941 2083 1995 haec
2148 1933 2273 1995 loca

646 2030 879 2086 veniant
925 2029 1050 2098 ipsi,
1103 2028 1191 2081 vel
1242 2035 1394 2082 certe
1447 2028 1587 2081 alios
1633 2029 1705 2082 ad
1749 2028 2094 2082 veniendum
2145 2047 2272 2099 pro-

646 2136 856 2188 pensos
897 2117 1216 2186 impellant;
1277 2125 1534 2169 nostrum
1582 2117 1677 2186 qui
1728 2116 1820 2169 hic
1873 2135 2068 2170 sumus
2105 2118 2272 2171 ‘obse-

646 2207 843 2278 quium
908 2214 1079 2275 atque
1149 2204 1545 2257 assiduitatem
1610 2205 1683 2257 ad
1741 2204 1934 2257 omnia
1991 2204 2109 2259 fore
2167 2204 2273 2259 sibi

647 2302 909 2364 paratam
962 2292 1282 2361 intelligant
1296 2309 1309 2354 ;
1371 2291 1590 2360 majora
1635 2308 1807 2360 quam
1861 2291 1988 2346 istic
2033 2290 2274 2346 fortasse

647 2379 966 2451 percipiunt
1007 2377 1282 2448 spiritalia
1320 2377 1527 2447 gaudia
1567 2377 1673 2431 sibi
1710 2377 2029 2432 *Dominum
2068 2377 2273 2448 imper·

647 2466 886 2523 titurum
940 2485 1063 2520 esse
1115 2465 1426 2520 confidant.
1506 2465 1566 2519 Si
1611 2485 1744 2519 vero
1797 2485 1982 2535 operae
2028 2467 2274 2536 pretium

651 2573 775 2610 esse
825 2553 1125 2618 videbitur,
1178 2553 1366 2622 ipsum
1412 2572 1637 2622 quoque
1691 2555 1994 2607 Summum
2043 2554 2274 2607 Pontifi-

651 2661 776 2698 cem
827 2648 951 2696 tota
1003 2641 1073 2694 de
1125 2661 1184 2694 re
1237 2639 1535 2694 certiorem
1589 2639 1772 2694 facere
1826 2660 1940 2694 non
1993 2643 2274 2696 dubitabi-

653 2749 806 2794 mus;
866 2730 1327 2801 quandoquidem
1374 2731 1446 2782 ad
1493 2747 1622 2782 eum
1669 2737 1866 2799 utpote
1920 2729 2135 2784 Christi
2180 2729 2276 2783 Vi·

652 2820 867 2874 carium
920 2819 978 2871 in
1038 2817 1222 2881 terrie,
1276 2824 1332 2870 et
1384 2823 1673 2885 pastorem
1738 2816 1993 2870 omnium
2055 2816 2152 2886 qui
2204 2816 2275 2871 ad

653 2905 1022 2960 christianam
1051 2904 1222 2956 fidem
1251 2911 1306 2956 et
1334 2902 1644 2971 spiritalem
1687 2903 1960 2956 Ecclesiae
2001 2903 2276 2957 ditionem

653 2993 952 3054 accedunt,
1006 3010 1072 3043 ea
1123 3009 1257 3044 cura
1308 2990 1669 3059 potissimum
1721 2980 1984 3060 pertinetss
2078 2992 2278 3061 Neque

652 3097 787 3133 vero
826 3088 1064 3133 caeteros
1102 3094 1327 3147 quoque
1365 3077 1603 3130 aliorum
1654 3077 1934 3132 Ordinum
1986 3077 2278 3148 religiosos
