2649 3754
657 312 761 367 104
1057 310 1242 350 LIBER
1279 276 1477 350 vn.‘-—>
1497 308 1791 350 amsi-om
1831 309 1869 349 1.

651 459 879 495 cursum
954 440 1222 502 reditura,
1297 448 1418 492 tum
1497 455 1601 491 nos
1675 439 1800 491 Deo
1874 439 2021 491 bene
2084 438 2284 506 juvan-

651 536 709 583 te
787 526 1090 583 solvemus.
1186 526 1362 581 Abest
1437 526 1670 580 Meacus
1742 525 2096 594 Cangoxima
2170 526 2283 581 leu-

654 613 735 668 cis
798 612 1088 668 trecentis·
1170 612 1315 666 Mira
1380 612 1543 666 nobis
1609 612 1678 665 de
1743 611 1889 665 illius
1952 610 2108 666 urbis
2165 630 2283 668 ma-

653 700 953 769 gnitudine
1020 707 1349 752 narrantur:
1421 699 1590 751 tectis
1657 698 1900 767 amplius
1971 699 2285 769 nonaginta

656 785 904 845 millibus
978 795 1239 840 constare
1314 785 1613 855 perhibent
1630 805 1641 846 ;
1718 786 1854 837 inibi
1924 787 2285 855 gymnasium

653 891 778 927 esse
818 872 1249 927 celeberrimum
1264 891 1276 933 ;
1329 872 1580 941 quinque
1618 872 1754 924 item
1795 872 2082 941 praecipua
2120 873 2284 926 disci-

651 960 913 1029 pulorum
1001 958 1254 1027 collegia,
1334 968 1388 1011 et
1477 957 1603 1026 plus
1689 958 1938 1011 ducenta
2023 959 2285 1013 coenobia

656 1045 1010 1108 bonziorum,
1071 1044 1423 1119 aliorumque
1464 1043 1643 1097 instar
1686 1044 2101 1098 coenobitarum
2144 1062 2286 1115 quos

654 1132 913 1203 Legioxos
954 1130 1348 1201 (Reigyochif’)
1395 1130 1703 1199 appellant,
1743 1130 1994 1200 itemque
2031 1131 2286 1200 ejusdem

652 1217 876 1292 generis
928 1216 1285 1279 feminarum,
1340 1234 1481 1285 quas
1532 1216 1861 1269 Hamacatas
1912 1218 2141 1282 (Ama)
2189 1235 2286 1271 no-

658 1304 902 1357 minant.
1853 1302 1866 1317 '

722 1389 864 1445 Aliae
932 1379 1210 1458 praeterea
1281 1397 1411 1443 sunt
1487 1392 1752 1458 (excepta
1825 1390 2145 1455 Meacensi)
2228 1392 2284 1446 in

645 1476 893 1549 Japonia
956 1475 1265 1530 academiae
1329 1475 1629 1546 praecipuae
1695 1475 1962 1546 quinque,
2022 1478 2276 1548 Coyana‚

652 1563 1003 1637 Negruensis
1025 1562 1328 1627 ,Fissonia‚
1361 1563 1651 1616 Homiana
1684 1565 1884 1635 (Koya,
1916 1565 2146 1635 Neguro
2178 1567 2286 1632 (P),

655 1650 934 1719 Hiyezan,
981 1650 1295 1717 Omiya?)‚
1364 1667 1489 1717 quae
1533 1650 1682 1700 circa
1731 1651 1994 1701 Meacum
2048 1651 2286 1705 modicis

653 1736 964 1789 intervallis
1008 1737 1150 1802 sitae,
1198 1725 1378 1788 tribus
1426 1736 1670 1789 millibus
1710 1746 1768 1808 ,et
1813 1737 2139 1806 quingentis
2181 1738 2284 1791 cir-

651 1823 793 1878 citer
862 1823 1187 1876 auditorum
1260 1822 1495 1891 singulae
1566 1823 1939 1887 celebrantur,
2007 1833 2062 1877 et
2136 1826 2286 1878 Ban-

650 1910 883 1966 duensis
939 1911 1189 1977 (Bando,
1253 1909 1421 1965 hodie
1488 1911 1724 1976 Tokio),
1786 1911 2048 1983 Japoniae
2110 1913 2287 1967 totius

650 1999 819 2066 longe
865 1998 1113 2049 maxima
1159 2015 1224 2049 ac
1271 1998 1654 2059 celeberrima,
1701 2016 1733 2049 a
1778 2000 1979 2050 Meaco
2026 1999 2283 2052 remotis-

654 2085 818 2138 sima.
900 2086 1006 2138 Est
1049 2085 1410 2138 Banduensis
1453 2086 1607 2154 regio
1657 2104 1794 2138 sane
1849 2086 2056 2155 ampla,
2114 2105 2286 2157 quam

655 2178 916 2230 obtinent
981 2177 1155 2245 reguli
1197 2195 1310 2240 sex,
1353 2195 1421 2229 ex
1461 2178 1663 2245 quibus
1729 2196 1873 2229 unus
1938 2178 2141 2246 opibus
2198 2196 2288 2230 ex-

651 2264 802 2317 cellit
868 2264 958 2316 cui
1025 2263 1222 2331 reliqui
1287 2272 1506 2331 parent,
1583 2264 1703 2332 ipse
1785 2273 1976 2317 autem
2036 2265 2283 2335 Japonio

661 2351 797 2420 regi,
876 2351 971 2420 qui
1052 2351 1296 2420 Magnus
1370 2352 1490 2403 Rex
1565 2351 1883 2404 Meacensis
1953 2352 2286 2420 appellatur.

661 2438 885 2490 Harum
951 2438 1020 2490 de
1085 2436 1507 2490 academiarum
1574 2445 1745 2506 atque
1810 2438 2031 2491 urbium
2091 2439 2288 2506 ampli-

656 2523 856 2578 tudine
908 2541 974 2578 ac
1026 2523 1356 2577 celebritate
1398 2523 1542 2577 adeo
1586 2523 1728 2578 mira
1775 2524 2175 2594 praedicantur,
2227 2533 2286 2581 ut

657 2629 724 2663 ea
787 2611 944 2681 prius
1009 2611 1113 2681 ipsi
1180 2610 1357 2662 oculis
1422 2627 1651 2665 cernere
1703 2628 1769 2664 ac
1822 2611 2159 2682 perspicere,
2223 2631 2289 2668 ac

656 2709 779 2750 tum
849 2700 1080 2750 demum
1149 2702 1379 2765 cognita
1447 2706 1618 2765 atque
1686 2699 1976 2766 explorata
2047 2701 2119 2751 ad
2189 2718 2290 2752 vos

656 2785 1003 2854 perscribere
1085 2784 1420 2853 cogitemus.
1503 2769 1716 2838 Praeter
1779 2785 1951 2839 hasce
2003 2805 2146 2855 quas
2205 2788 2285 2840 di-

651 2872 839 2936 ximus
915 2871 1257 2933 academiaS‚
1338 2871 1586 2925 minores
1663 2871 1802 2925 alias
1892 2872 2077 2927 ferunt
2163 2894 2286 2928 esse

658 2958 999 3029 complures,

729 3045 850 3100 Nos
914 3044 959 3097 si
1025 3044 1228 3096 horum
1295 3043 1632 3114 populorum
1687 3044 1911 3098 animos
1964 3046 2034 3101 ad
2092 3046 2282 3099 Evan-
