2639 3798
644 360 830 418 LIBER
865 360 970 400 vn.
989 375 1063 384 --
1082 359 1378 406 EPISTOLA
1417 360 1496 400 l-v.
1779 360 1881 403 141

327 503 458 557 Duo
508 500 791 572 praecipue
836 500 895 554 in
941 499 1049 553 hac
1093 507 1245 553 terra
1291 498 1429 553 mihi
1475 505 1640 570 paene
1686 508 1882 571 stupo·'

255 607 373 646 rem
436 588 740 643 incutiunt.
818 588 1074 641 Alterum
1127 606 1298 657 quam
1351 588 1545 657 gravia
1597 607 1887 659 quamque

256 676 501 734 nefanda
552 685 788 747 peccata
835 694 1006 746 quam
1054 675 1214 728 nihili
1260 676 1429 738 fiant;
1479 683 1651 745 atque
1697 676 1753 729 id
1801 676 1884 729 ni-

257 765 461 821 mirum
514 764 723 818 accidit
781 763 1027 817 maxime
1078 770 1306 832 patrum
1364 762 1549 832 culpa,
1624 763 1721 833 qui
1771 772 1891 818 tra-.

258 853 434 906 ditam
490 847 596 903 sibi
648 858 771 903 tum
824 868 858 902 a
910 858 1112 902 natura
1163 857 1296 912 tumv
1340 849 1591 918 aliquam
1644 849 1885 908 fortasse

258 938 428 991 etiam
484 932 880 1005 a'majoribus
932 954 1191 989 normam
1259 943 1411 989 recte
1461 935 1710 1001 vivendi,
1764 955 1885 991 cor-

258 1030 482 1091 ruptam
527 1022 634 1090 ipsi
678 1022 947 1090 deinceps
990 1039 1057 1074 ac
1099 1023 1468 1090 depravatam
1515 1023 1762 1091 posteris
1803 1042 1885 1077 re-

257 1110 567 1179 liquerunt;
611 1115 672 1161 ut
710 1127 778 1161 ex
820 1106 929 1161 hoc
971 1107 1155 1161 obiter
1195 1107 1331 1161 illud
1374 1108 1547 1162 etiam
1591 1118 1884 1178 appareat,

260 1195 741 1265 quemadmodum
772 1194 830 1246 in
859 1194 1148 1248 communi
1188 1195 1305 1248 vita
1345 1195 1622 1249 naturalis
1657 1195 1887 1265 igniculi

260 1280 577 1350 probitatiS‚
601 1280 990 1348 pugnantibus
1018 1298 1147 1332 cum
1177 1288 1381 1333 natura
1407 1280 1578 1345 vitiis,
1608 1280 1886 1350 paulatim

260 1367 484 1436 penitus
530 1367 951 1433 extinguuntur,
1021 1366 1101 1418 sic
1147 1366 1205 1418 in
1250 1366 1369 1419 vita
1414 1366 1668 1435 perfecta
1713 1368 1887 1421 virtu*-

259 1461 379 1509 tum
437 1452 665 1506 habitus
727 1453 859 1506 licet
904 1453 1025 1522 jam
1079 1452 1440 1518 constitutOS,
1495 1452 1605 1506 nisi
1656 1453 1887 1514 assidua

260 1552 329 1593 ac
351 1539 589 1607 diligens
628 1557 762 1591 cura
802 1538 1058 1591 adhibita
1098 1539 1194 1606 sit,
1230 1540 1648 1599 remissioribus
1687 1540 1887 1593 officiis

260 1624 583 1679 labefactari
637 1624 849 1678 sensim
902 1643 968 1678 ac
1022 1624 1254 1678 destrui.
1332 1624 1587 1679 Alterum
1636 1634 1741 1690 est,
1790 1644 1890 1680 cur

261 1714 317 1765 hi
344 1714 687 1776 sacerdoteS,
728 1731 858 1765 cum
900 1730 1005 1764 nee
1044 1712 1371 1779 integritate
1411 1731 1516 1774 nec
1556 1712 1888 1767 innocentia

263 1800 373 1854 sint
433 1816 563 1853 eum
625 1800 972 1852 secularibus
1025 1799 1414 1867 comparandi,
1468 1807 1633 1859 tanto
1686 1798 1887 1852 nihilo-

263 1884 446 1940 minus
502 1886 654 1955 apud
707 1902 804 1939 eos
857 1885 913 1938 in
967 1884 1183 1938 honore
1240 1893 1412 1955 atque
1465 1885 1889 1940 existimatione

264 1971 398 2035 sint;
476 1980 532 2027 et
594 1990 941 2042 quamquam
989 1972 1044 2025 in
1094 1989 1300 2041 magna
1352 1989 1553 2026 omnes
1605 1972 1888 2042 pravitate

265 2077 596 2129 summaque
642 2059 977 2129 opinionum
1024 2058 1396 2127 perversitate
1440 2065 1757 2123 versantur,
1805 2067 1888 2113 ta·

266 2164 392 2199 men
432 2148 528 2217 qui
567 2147 849 2216 sapientia
888 2154 1159 2216 praestare
1205 2145 1471 2199 videntur
1497 2145 1720 2198 caeteris
1748 2164 1890 2214 prae·

266 2233 490 2302 cipuum
536 2233 832 2303 dignitatis
879 2232 1141 2286 obtinent
1187 2232 1396 2285 locum.

335 2309 556 2374 Horum
609 2337 738 2374 cum
791 2320 1073 2389 aliquibus
1125 2319 1396 2387 congredi
1444 2318 1583 2371 mihi
1630 2337 1887 2387 saepenu-

266 2420 418 2458 mero
469 2406 727 2474 contigit,
780 2424 911 2460 cum
965 2423 1080 2459 uno
1127 2405 1461 2474 praesertim,
1510 2406 1600 2458 cui
1645 2413 1768 2458 tum
1816 2407 1890 2459 ob

264 2491 593 2566 eruditionis
644 2491 857 2545 famam
904 2499 960 2545 et
1007 2491 1258 2565 muneris
1305 2509 1418 2561 quo
1464 2491 1718 2561 fungitur
1769 2509 1889 2546 am·

264 2574 617 2643 plitudinem,
660 2586 784 2632 tum
828 2578 1003 2631 etiam
1045 2578 1118 2631 ob
1162 2585 1392 2650 aetatem
1437 2585 1563 2647 qu'ae
1606 2596 1888 2633 annorum

265 2669 346 2716 est
387 2665 697 2734 octoginta,
742 2666 933 2719 cuncti
974 2666 1281 2735 plurimum
1324 2665 1602 2729 tribuunt,
1643 2684 1890 2736 eumque

264 2762 362 2817 sua
385 2748 577 2820 lingua
619 2752 820 2805 Ninxit
845 2752 1152 2821 appellant,
1188 2753 1341 2822 quod
1376 2752 1716 2806 vocabulum
1755 2754 1890 2807 veri-

264 2835 522 2915 tatigcor,
565 2838 613 2892 si
654 2838 1045 2910 interpretere,
1092 2840 1393 2910 significat.
1474 2842 1532 2893 Is
1570 2840 1720 2894 inter
1745 2842 1888 2896 bon-

263 2916 378 2978 zios
416 2932 502 2980 est
537 2927 728 2990 ,veluti
780 2928 1111 2998 episcopus:
1173 2927 1303 2980 felix
1348 2927 1562 2998 utique,
1617 2928 1664 2980 si
1712 2928 1893 2998 ipsius

267 3010 490 3083 nomini
507 3012 658 3067 facta
685 3015 1070 3069 consentiant.
1132 3017 1283 3068 Eum
1311 3015 1503 3084 egovin
1531 3012 1892 3070 sermonibus

266 3110 413 3177 quos
444 3098 643 3153 habuit
689 3120 934 3165 mecum,
978 3103 1049 3156 de
1092 3101 1540 3169 immortalitate,
1566 3100 1889 3159 animorum
