2639 3798
815 355 1002 393 LIBER
1041 354 1170 391 VIII.
1194 371 1265 377 —
1287 354 1582 393 EPISTOLA
1622 354 1701 393 VI.
1980 355 2080 393 221

436 502 727 566 queretur.
810 490 953 557 Ejus
996 488 1307 556 paraenesis
1350 488 1671 556 exemplum
1716 489 1886 540 audio
1915 489 1986 539 ab
2015 506 2083 540 eo

438 583 697 638 relictum
754 576 900 629 istic.
1001 577 1188 644 Legas
1242 574 1377 627 illud
1430 575 1599 627 velim
1654 575 1830 627 semel
1883 574 2083 643 quavis

439 666 825 728 hebdomada,
876 671 935 716 ut
985 663 1262 715 memoria
1315 681 1541 731 semper
1592 670 1820 715 recente
1873 681 2081 731 praece-

438 766 669 827 ptorum
724 753 782 804 in
837 769 903 804 ea
950 751 1323 819 digestorum,
1380 750 1447 801 iis
1500 750 1557 801 in
1604 751 1897 818 operando
1951 750 2080 801 diri-

437 843 603 914 gariS,
674 858 787 909 quo
841 846 898 890 te
946 837 1264 906 juvandum
1322 837 1551 889 confido
1604 838 1676 889 ad
1730 845 1945 890 rectam
1999 838 2080 890 in-

437 930 689 984 eundam
743 928 867 978 Deo
896 924 1239 976 inserviendi
1288 925 1588 977 rationem.

519 1017 628 1067 Pro
675 1031 742 1065 eo
790 1011 989 1080 quanti
1044 1011 1250 1062 referre
1303 1012 1564 1073 arbitror,
1613 1012 1685 1062 ad
1733 1011 1919 1078 majus
1975 1011 2082 1062 Dei

436 1100 794 1168 obsequium,
860 1098 1112 1149 exhiberi
1166 1117 1199 1149 a
1251 1106 1307 1149 te
1361 1098 1739 1165 proepiscopo
1793 1116 2079 1149 summam

434 1187 840 1241 demissionem
889 1192 945 1237 et
993 1184 1399 1247 obedientiam,
1449 1185 1666 1252 impero
1714 1184 1816 1237 tibi
1865 1184 1919 1235 in
1969 1184 2076 1235 vir-

433 1282 555 1328 tute
600 1279 815 1324 sanctae
863 1270 1223 1332 obedientiae,
1270 1277 1330 1322 ut
1375 1269 1480 1321 hac
1530 1270 1693 1322 istius
1740 1269 2074 1321 indicatrice

434 1359 707 1429 praecepti
753 1358 996 1426 epistola
1038 1358 1176 1419 visa,
1223 1375 1417 1409 coram
1461 1357 1840 1425 proepiscopo
1880 1356 2083 1424 positis

434 1445 592 1499 humi
634 1444 873 1513 genibus
915 1444 1202 1512 procidas,
1248 1444 1591 1512 veniamque
1640 1444 1888 1512 supplex>
1919 1451 2083 1511 petas

435 1531 953 1586 inobedientiarum
1001 1540 1057 1584 et
1106 1531 1406 1599 culparum
1454 1531 1660 1599 quibus
1704 1530 1753 1583 ei
1803 1529 2082 1583 hactenus

439 1621 763 1674 molestiam
799 1619 1159 1683 facessivisti,
1191 1627 1312 1672 tum
1344 1618 1420 1671 illi
1451 1638 1684 1671 manum
1715 1618 2080 1682 osculaberiS,

436 1708 710 1777 profitens
792 1715 852 1759 te
890 1707 1053 1775 jussu
1099 1725 1227 1760 meo
1281 1707 1337 1760 id
1390 1706 1593 1759 facere.
1676 1707 1818 1758 Inde
1865 1707 1935 1758 ab
1989 1706 2083 1758 illo

437 1794 633 1846 audies
677 1794 813 1861 quid
861 1794 990 1845 velit
1039 1812 1071 1846 a
1119 1802 1175 1846 te
1225 1794 1362 1856 fieri,
1421 1794 1870 1862 obedienterque
1923 1794 2082 1862 quid-

440 1880 576 1947 quid
611 1880 843 1947 jusserit
882 1874 1193 1948 exequeris.

513 1968 640 2034 Quo
696 1975 888 2019 autem
925 1967 1036 2020 ista
1076 1976 1175 2020 tua
1206 1986 1335 2020 cum
1364 1967 1743 2037 proepiscopo
1780 1968 2083 2020 consensio

439 2071 554 2105 non
595 2053 780 2122 exigui
815 2054 886 2106 sit
921 2055 1215 2124 temporiS,
1247 2056 1347 2107 sed
1388 2056 1499 2107 fixa
1539 2056 1816 2124 firmaque
1858 2073 2083 2124 semper

439 2141 619 2203 duret,
676 2142 910 2211 singulis
964 2143 1234 2212 deinceps
1288 2143 1667 2196 hebdomadis
1720 2162 1849 2196 eum
1906 2143 2082 2195 semel

438 2227 645 2281 invises
697 2230 1157 2299 osculaberisque
1222 2249 1457 2284 manum
1516 2228 1657 2300 ejuS,
1718 2232 2084 2284 demissionis

438 2316 650 2383 pariter
695 2326 750 2370 et
799 2318 1143 2372 obedientiae
1198 2319 1489 2387 specimen
1539 2319 1595 2372 id
1642 2319 1718 2371 illi
1766 2338 1832 2373 ac
1881 2319 2084 2387 pignus

438 2403 729 2456 exhibens.
835 2408 989 2458 Cave
1060 2415 1252 2458 autem
1319 2406 1428 2459 hoc
1494 2426 1747 2475 unquam
1825 2399 2116 2469 omittas,⁵

439 2491 664 2543 etiamsi
721 2493 1030 2545 reluctetur
1095 2502 1317 2556 natura,
1379 2495 1709 2563 judicioque
1769 2513 1835 2546 ac
1908 2495 2077 2563 genio

437 2583 536 2629 tuo
576 2578 806 2645 proprio
841 2579 955 2631 vim
990 2580 1046 2631 in
1076 2597 1143 2632 eo
1172 2587 1229 2632 te
1257 2580 1442 2633 facere
1484 2597 1753 2648 magnam
1794 2589 2077 2649 oporteat.

440 2663 654 2715 Totum
703 2664 855 2716 enim
905 2665 957 2718 id
1008 2665 1177 2734 plane
1220 2666 1300 2718 sic
1344 2667 1512 2718 debet
1556 2666 1694 2729 fieri,
1740 2674 1800 2718 ut
1847 2666 2082 2719 confun-

440 2748 608 2800 datur
661 2750 843 2802 malus
898 2754 1126 2822 daemon
1180 2760 1380 2804 auctor
1433 2752 1846 2805 discordiarum
1895 2761 1951 2806 et
2000 2753 2081 2804 in-

444 2834 807 2891 obedientiae.
1379 2833 1381 2835 ¹

516 2923 836 2990 Diligenter
882 2929 1116 2978 attende
1164 2945 1233 2979 ne
1281 2929 1526 2979 dicendo
1572 2930 1641 2979 ad
1691 2929 1964 2995 populum
2015 2930 2084 2979 de

444 3025 606 3060 sacro
649 3010 870 3078 pulpito
909 3013 1259 3081 perstringas
1303 3000 1400 3066 aut
1444 3032 1665 3081 pungas
1704 3032 2081 3082 quemquam;

440 3112 510 3145 ne
553 3097 824 3161 curiosas,
862 3108 917 3151 et
958 3100 1367 3168 speculationis
1412 3100 1581 3150 nimis
1627 3108 1940 3152 attenuatae
1985 3107 2082 3152 aut
