2639 3798
573 359 758 398 LIBER
798 359 873 398 IX.
894 374 966 382 -
988 358 1282 397 EPISTOLA
1326 359 1441 397 XIV.
1722 359 1826 410 399

190 492 411 565 ejusdem
450 492 677 545 Pereirae
729 493 943 565 legatio.
1022 493 1166 565 Quid
1202 492 1461 545 Ferreirae
1496 491 1823 563 faciendum,

172 580 310 653 ¹quid
354 580 624 634 Vincentio
670 581 860 651 Viegae,
901 581 1146 644 Pereirae,
1187 581 1367 634 domui
1404 581 1469 633 M
1472 579 1718 642 alacensi,
1760 596 1821 631 ac

187 667 462 722 Bernardo
500 672 690 720 nostro.
767 669 800 719 I
802 673 1049 739 nterprete
1086 667 1226 721 Sina-
1266 668 1552 730 destitutuS,
1595 666 1645 720 si
1689 684 1823 719 mer-

187 761 325 810 cator
352 755 518 823 fidem
551 755 736 824 fallat,
781 756 960 809 Siami
1001 774 1221 825 regnum
1253 762 1421 826 petere
1463 755 1747 809 constituit.

256 928 458 983 Gratia
485 936 542 981 et
570 945 733 981 amor
767 926 1003 980 Domini
1045 927 1224 981 nostri
1252 929 1388 998 Jesu
1419 924 1634 980 Christi
1670 924 1820 987 adsit

188 1034 408 1084 semper
446 1014 611 1068 nobis
652 1013 860 1067 auxilio
900 1022 956 1066 et
998 1012 1208 1066 favore.
1289 1014 1491 1065 Amen.

196 1189 509 1323 LEMBO
561 1189 693 1240 hinc
740 1189 995 1241 solvente
1044 1189 1319 1256 Gasparis
1371 1186 1672 1249 Mendezii,
1722 1186 1817 1238 uni

304 1294 413 1346 vex
475 1277 597 1343 ejus
653 1276 977 1327 vectoribus
1035 1276 1342 1327 Francisco
1397 1274 1632 1326 Sanctio
1685 1273 1817 1325 dedi

184 1362 250 1413 ad
301 1368 359 1413 te
404 1360 641 1423 litteraS,
690 1379 832 1430 quas
878 1379 1044 1429 spero
1090 1361 1372 1422 redditas;
1429 1368 1485 1413 et
1539 1360 1693 1429 quod
1749 1358 1817 1411 iis

185 1447 545 1511 mandabam,
605 1446 857 1517 itemque
915 1464 1042 1516 quae
1100 1464 1200 1517 per
1257 1446 1428 1501 hasce
1485 1445 1814 1516 praescribo,

185 1541 239 1587 ut
292 1533 492 1588 effecta
544 1534 645 1587 des
698 1552 1043 1603 magnopere
1089 1534 1194 1588 tibi
1241 1534 1398 1588 cordi
1444 1551 1586 1596 esse,
1641 1540 1814 1602 atque

186 1623 323 1675 adeo
369 1622 673 1676 sedulitate
721 1622 974 1675 accurari
1024 1623 1273 1675 maxima
1319 1622 1506 1691 cupio.

252 1712 538 1765 Octavum
561 1711 683 1780 jam
713 1711 865 1765 diem
893 1710 984 1765 hic
1019 1711 1076 1764 in
1105 1711 1275 1764 horas
1305 1719 1574 1780 exspecto
1603 1728 1816 1764 merca-

185 1805 379 1860 torem,
421 1797 517 1866 qui
558 1815 650 1850 me
689 1797 836 1850 clam
879 1797 1292 1866 importaturus
1333 1797 1389 1849 in
1431 1797 1630 1850 urbem
1666 1798 1815 1850 Can-

185 1891 372 1936 tonem
438 1891 543 1937 est.
625 1885 798 1937 Hunc
863 1902 986 1954 eg0,
1055 1884 1163 1937 nisi
1224 1902 1390 1938 casus
1450 1884 1704 1937 humana
1762 1883 1817 1936 vi

187 1971 362 2039 major
407 1970 711 2034 obstiterit,
766 1979 826 2024 ut
872 1970 1161 2024 confidam
1209 1970 1445 2024 omnino
1490 1978 1815 2033 venturum,

184 2058 308 2110 facit
356 2060 692 2127 magnitudo
737 2059 1036 2128 promissae
1085 2060 1364 2112 mercedis
1412 2059 1589 2127 ipsius
1639 2059 1814 2111 etiam

183 2144 554 2197 aestimatione
600 2163 667 2198 ac
707 2145 925 2213 judicio
969 2145 1265 2206 notabilis;
1313 2162 1614 2197 numerum
1655 2144 1809 2197 enim

184 2229 403 2297 piperis,
451 2230 498 2283 si
546 2249 637 2283 me
684 2231 1029 2284 incolumem
1076 2233 1341 2284 Cantone
1388 2231 1633 2294 sisteret,
1683 2249 1812 2283 eum

184 2318 400 2372 ostendi
442 2337 531 2372 me
568 2319 855 2383 daturum,
898 2338 966 2372 ex
1001 2338 1115 2388 quo
1156 2319 1375 2372 lucrum
1412 2318 1578 2387 pretii
1617 2336 1814 2372 aureo-

185 2421 300 2457 rum
361 2403 524 2458 facile
587 2405 929 2459 nostratium
992 2405 1118 2474 plus
1174 2424 1346 2474 quam
1400 2404 1815 2474 quinquaginta

186 2507 345 2560 supra
390 2500 678 2546 trecentos
724 2511 783 2545 se
830 2493 1193 2546 redacturum
1241 2491 1524 2560 intelligit.

252 2578 421 2632 Hanc
453 2577 787 2633 facultatem
824 2587 943 2632 tam
975 2596 1107 2632 caro
1135 2578 1394 2631 emendae
1427 2577 1811 2631 transmissio-

186 2663 263 2715 nis
323 2666 395 2718 ad
450 2665 618 2718 Sinas
681 2684 822 2718 meae
884 2684 1110 2718 summo
1168 2665 1354 2718 amico
1410 2684 1539 2718 meo
1588 2665 1810 2736 Jacobo

188 2749 416 2805 Pereriae
459 2753 641 2806 debeo
654 2771 667 2814 ;
717 2771 784 2806 ex
826 2752 995 2822 hujus
1034 2754 1186 2806 enim
1231 2754 1474 2807 volentis
1516 2763 1571 2807 et
1612 2754 1810 2807 libera-

185 2832 388 2892 lissime
440 2839 824 2893 condonantis
880 2858 1030 2909 penu
1089 2848 1316 2894 tantum
1379 2840 1532 2894 istud
1589 2841 1814 2910 pondus

186 2926 439 2989 pretiosae
492 2926 667 2996 frugis
720 2926 860 2980 mihi
913 2928 986 2980 ad
1040 2946 1273 2981 manum
1322 2936 1426 2981 est.
1509 2930 1814 2998 Rependat

188 3007 254 3063 illi
309 3014 466 3067 Deus
519 3033 646 3067 mea
698 3013 819 3068 vioe
872 3014 1023 3082 quod
1077 3032 1303 3082 semper
1356 3014 1650 3069 debiturus
1706 3015 1811 3083 ipsi

187 3114 319 3165 sum,
372 3102 566 3172 utique
613 3102 887 3155 solvendo
936 3103 1138 3172 impar.
