2639 3798
634 352 817 392 LIBER
853 353 980 392 VIII.
1002 368 1074 375 ·-
1094 353 1386 393 EPISTOLA
1425 354 1561 393 XXII.
1805 356 1906 408 321

285 493 397 545 lum
449 489 576 559 plus
628 509 799 561 quam
859 490 1129 545 mediocri
1193 491 1435 560 praediti,
1491 509 1665 546 unum
1720 510 1789 546 ex
1841 492 1909 547 iis

282 595 486 634 censeo
546 578 719 631 Dium
776 578 972 632 mittas
1035 596 1165 632 cum
1217 578 1362 631 laico
1413 578 1693 648 adjutore,
1747 596 1904 633 man-

283 666 415 719 data
460 663 510 717 ei
557 664 791 718 tradens
843 681 968 732 quae
1020 665 1154 719 olim
1209 665 1408 734 scripsi
1461 667 1654 718 sedem
1707 668 1907 719 Armu-

286 751 506 803 zianam
558 748 902 803 tenentibus.
984 751 1070 803 Ea
1135 757 1285 814 sunt,
1340 756 1401 804 ut
1455 750 1583 814 sciS,
1642 751 1911 806 editionis

290 836 449 907 quasi
495 836 760 907 duplicis;
815 853 948 891 nam
996 845 1051 892 et
1097 837 1201 891 tibi
1248 855 1374 890 eam
1419 837 1666 909 primum
1713 836 1909 889 statio-

283 942 410 976 nem
454 923 689 976 adeunti
729 924 909 976 multa
946 924 1207 992 praecepi,
1257 931 1381 977 tum
1418 924 1468 976 ei
1509 925 1604 992 qui
1642 924 1746 977 tibi
1786 942 1907 979 suc-

290 1011 458 1068 cessit
522 1012 579 1065 in
644 1029 712 1066 eo
776 1029 1009 1066 munere
1082 1012 1343 1083 quaedam
1411 1010 1624 1064 addidi.
1704 1010 1913 1082 Scripti

289 1098 576 1169 utriusque
612 1098 731 1153 scio
766 1098 1022 1169 exempla
1058 1117 1370 1169 superesse.
1422 1101 1645 1154 Horum
1684 1100 1909 1170 copiam

287 1187 372 1241 fac
418 1186 666 1242 habeant
713 1187 759 1240 si
807 1188 901 1257 qui
951 1187 1124 1241 Dium
1178 1187 1493 1251 mittentur,
1547 1187 1712 1241 enixe
1756 1205 1908 1241 com-

285 1273 562 1325 mendans
604 1280 664 1326 ut
707 1273 964 1327 lectitent
1007 1291 1073 1328 ac
1116 1274 1312 1327 sedulo
1355 1275 1675 1328 observent.

359 1362 515 1413 Inter
565 1360 900 1429 appulsuros
945 1378 975 1410 e
1023 1347 1319 1411 Lusitania
1372 1366 1599 1411 nostros
1650 1358 1909 1426 proximo

283 1446 509 1500 navium
549 1446 816 1509 adventu,
847 1446 893 1499 si
927 1462 1096 1514 quem
1136 1446 1556 1498 animadvertes
1596 1445 1908 1498 nonvillum

282 1533 510 1602 quidem
557 1531 1091 1585 exercitatissimum
1146 1532 1202 1584 in
1255 1531 1516 1594 dicend0,
1572 1538 1671 1591 aut
1717 1549 1751 1586 a
1794 1548 1909 1601 quo

275 1637 498 1688 sperare
540 1620 707 1671 liceat
753 1628 944 1671 motus
986 1619 1246 1687 ingentes
1287 1618 1598 1680 concioniS,
1659 1637 1774 1671 non
1818 1618 1899 1671 in-

278 1705 558 1760 eruditum
607 1712 820 1768 tamen3
870 1706 969 1759 sed
1016 1706 1111 1774 qui
1156 1706 1432 1770 videatur,
1479 1723 1583 1775 pro
1629 1713 1684 1759 et
1731 1705 1907 1759 animi

275 1801 328 1845 et
368 1793 620 1862 corporis
659 1792 888 1855 viribuS‚
918 1791 1139 1845 futurus
1177 1792 1402 1860 patiens
1435 1791 1721 1846 laborum:
1752 1791 1905 1846 hunc

279 1880 639 1950 navigatione
680 1898 805 1950 quae
845 1881 908 1933 fit
954 1882 1081 1934 Goa
1111 1879 1392 1932 Malacam
1432 1879 1704 1932 flantibus
1731 1878 1909 1948 Aprili

280 1967 506 2030 Etesiis,
561 1985 629 2022 eo
690 1966 913 2021 destina
962 1974 1023 2021 ut
1106 1966 1328 2021 Malaca
1398 1969 1682 2038 Japonem
1744 1974 1904 2037 petat

277 2054 701 2124 opportunitate
764 2053 965 2124 prima,
1020 2052 1131 2106 illic
1195 2053 1602 2122 conjuncturus
1668 2070 1901 2122 operam

276 2158 402 2193 cum
450 2142 665 2195 Cosmo
711 2141 1013 2194 TurrianO.

346 2229 558 2287 Verum
598 2227 898 2298 provideas
938 2236 1162 2296 oportet
1203 2235 1263 2281 ut
1297 2226 1609 2297 pecuniolae
1649 2226 1903 2297 aliquan-

274 2315 451 2368 tulum
491 2315 753 2368 alicunde
794 2316 1168 2368 emendicatae
1205 2333 1272 2368 eo
1313 2333 1504 2367 secum
1547 2315 1709 2378 ferat,
1750 2309 1902 2367 unde

278 2399 394 2469 ipse
458 2419 525 2454 ac
590 2399 740 2453 Socii
806 2398 1068 2453 victitent
1082 2418 1095 2461 ;
1172 2418 1305 2453 nam
1369 2399 1642 2469 operariis
1716 2400 1905 2455 adhuc

277 2487 612 2557 evangelicis
654 2487 747 2540 illa
790 2494 940 2540 terra
981 2487 1240 2541 laborum
1284 2489 1561 2541 duntaxat
1604 2487 1758 2540 ferax
1795 2495 1901 2541 est.

280 2573 568 2628 Bonorum
596 2592 722 2644 quae
750 2582 942 2643 agant,
989 2574 1267 2628 malorum
1311 2592 1436 2644 quae
1477 2574 1772 2644 patiantur
1806 2573 1917 2640 haf

274 2660 406 2717 bent
446 2662 691 2726 affatim
733 2661 1114 2716 subsidiorum
1156 2661 1286 2714 vitae
1313 2680 1381 2714 ac
1408 2659 1740 2715 solatiorum
1778 2680 1899 2716 cor-

273 2748 422 2814 poris
472 2748 611 2802 nihil
657 2748 858 2803 ferme:
917 2766 1090 2817 quare
1137 2749 1343 2803 adhibe
1388 2749 1642 2802 animum
1687 2751 1760 2804 ad
1804 2767 1903 2804 eos

274 2835 563 2905 utriusque
598 2835 821 2905 generis
858 2834 1064 2888 auxilio
1097 2834 1399 2905 juvandOS,
1434 2835 1491 2887 in
1530 2854 1712 2905 eoque
1749 2829 1900 2890 sum-

278 2936 370 2973 mo
435 2921 625 2976 studio
689 2922 1035 2976 contendere
1098 2928 1155 2975 te
1217 2921 1404 2975 velim.
1482 2923 1565 2975 Ac
1627 2930 1905 2992 praeterea

275 3006 385 3060 tuis
427 3008 777 3079 aliorumque
818 3009 1081 3078 precibus
1122 3027 1190 3061 ac
1235 3008 1541 3062 Sacrificiis
1568 3027 1602 3062 a
1632 3009 1757 3064 Deo
1796 3010 1899 3065 im-

272 3103 490 3159 petrare
554 3104 749 3164 satage
804 3105 862 3150 ut
915 3114 1038 3151 esse
1092 3096 1228 3164 ipsis
1279 3095 1558 3165 propitius
1610 3097 1893 3166 dignetur,
