2712 3754
805 329 873 382 30
1204 328 1386 367 LIBER
1424 329 1501 366 VI.
1524 344 1596 350 -
1617 328 1907 366 EPISTOLA
1948 328 2023 366 IV.

803 472 934 517 sunt
1007 464 1064 515 in
1136 463 1521 531 spiritualibus
1606 462 2104 517 exercitationibus
2187 462 2422 525 versati,

801 555 1027 602 tantum
1094 547 1225 600 inde
1290 547 1536 601 coelestis
1599 547 1810 601 laetitiae
1883 546 2217 615 piarumque
2290 544 2424 599 hau-

803 652 924 687 sere
975 633 1370 703 lacrymarum,
1424 644 1484 688 ul
1532 635 1587 687 in
1635 636 1843 688 multos
1889 635 2156 703 deinceps
2203 653 2425 687 menses

804 722 1165 775 redundaret.
1256 721 1508 791 Symboli
1589 721 1883 792 apostolici
1951 721 2156 791 capita,
2226 739 2425 775 causas

804 827 902 864 cur
968 809 1075 862 Dei
1142 808 1319 862 Filius
1382 809 1738 864 humanitate
1802 809 2033 863 indutus
2091 826 2270 879 genus
2324 808 2423 862 hu-

805 913 1038 948 manum
1104 896 1174 947 ab
1239 895 1469 948 interitu
1533 896 1852 959 vindicarit,
1919 904 2218 963 ceteraque
2282 895 2423 948 chri-

805 980 1004 1035 stianae
1062 980 1348 1050 religionis
1402 981 1688 1053 mysteria,
1742 1000 1841 1051 per
1892 981 2070 1036 otium
2124 980 2203 1036 eis
2254 981 2424 1036 tradi-

805 1069 1009 1120 dimus.
1092 1069 1432 1137 Interrogati
1484 1088 1517 1120 a
1570 1089 1660 1121 me
1721 1069 1927 1138 saepius
1989 1070 2140 1137 quod
2191 1070 2425 1122 tandem

805 1155 952 1208 inter
1013 1154 1321 1208 christiana
1382 1155 1643 1209 instituta
1703 1156 2065 1225 potissimum
2137 1155 2423 1218 ducerent,

806 1258 873 1295 ac
931 1241 1175 1294 maxime
1234 1241 1495 1303 salutare,
1566 1242 1778 1310 primas
1831 1261 2054 1309 semper
2105 1240 2426 1294 detulerunt

807 1328 1181 1380 confessionis
1233 1337 1289 1379 et
1344 1328 1719 1381 Eucharistiae
1772 1329 2161 1381 sacramentis.
2229 1330 2306 1380 Et
2360 1328 2426 1379 si—

808 1416 923 1468 mul
1000 1415 1135 1467 illud
1214 1416 1585 1482 adjecerunt·
1623 1414 1928 1476 neminem,
2016 1431 2117 1466 sua
2198 1412 2425 1483 quidem

807 1501 1110 1563 sententia,
1171 1501 1406 1553 rationis
1464 1509 1788 1570 compotem
1846 1500 1982 1563 fore,
2042 1499 2135 1569 qui
2188 1499 2428 1569 cognitis

808 1588 1131 1642 christianae
1193 1588 1480 1657 religionis
1541 1587 1823 1657 mysteriis
1880 1605 1946 1641 ac
2001 1586 2215 1655 legibus
2268 1585 2425 1640 Chri-

809 1674 881 1729 sti
934 1692 1048 1727 non
1101 1674 1477 1743 amplectatur
1527 1674 1715 1727 fidem.
1798 1674 1963 1728 Unus
2019 1691 2086 1725 ex
2137 1671 2225 1725 his
2288 1672 2427 1725 Pau-

808 1761 895 1814 lus
947 1761 1008 1813 S.
1062 1761 1219 1813 Fidei
1270 1761 1623 1823 nominatur;
1679 1760 1829 1814 hunc
1882 1779 1986 1829 ego
2038 1759 2245 1824 audivi,
2300 1778 2427 1813 cum

810 1847 1205 1916 ingemiscens,
1259 1849 1568 1917 crebroque
1619 1847 1910 1916 suspirans
1961 1847 2199 1901 diceret:
2255 1847 2300 1900 Ο
2347 1866 2429 1900 vos

808 1935 1018 1988 miseros
1091 1935 1357 2004 Japones!
1432 1936 1522 2005 qui
1586 1942 1685 2006 pro
1762 1936 1864 1987 diis
1939 1954 1998 1987 ea
2066 1936 2250 1999 colitis,
2320 1955 2430 2005 quae

808 2022 953 2073 Dens
1017 2021 1086 2073 ad
1146 2039 1265 2073 usus
1328 2020 1491 2089 effecit
1551 2021 1818 2074 humanos.
1897 2021 2044 2073 Tum
2103 2039 2234 2090 ego:
2290 2023 2430 2093 Quid

809 2108 927 2161 ita?
995 2107 1248 2177 inquam.
1330 2109 1406 2161 Et
1474 2107 1582 2171 ille,
1635 2109 1854 2176 Rogas?
1917 2106 2119 2177 inquit.
2180 2108 2274 2161 An
2328 2126 2428 2162 non

810 2194 928 2248 caeci
983 2199 1117 2260 sunt,
1168 2194 1258 2264 qni
1308 2194 1462 2248 solent
1514 2212 1573 2247 ac
1625 2193 1804 2247 lunam
1843 2193 2076 2262 famulos
2127 2192 2426 2247 christiano-

809 2303 929 2335 rum
987 2288 1263 2335 numerant
1321 2283 1473 2334 deos?
1534 2282 1660 2352 qnid
1713 2282 1852 2334 enim
1903 2282 2052 2336 aliud
2099 2282 2197 2335 illa
2247 2283 2431 2335 mundi

810 2370 1015 2422 lumina
1074 2370 1315 2439 efficiunt,
1377 2370 1483 2422 nisi
1539 2371 1674 2422 diem
1725 2376 2011 2440 noctemque
2062 2370 2428 2441 distinguunt?

809 2464 866 2511 ut
926 2458 1158 2511 videlicet
1217 2451 1456 2510 mortales
1517 2463 1658 2510 tanto
1717 2457 1976 2526 splendore
2026 2457 2252 2520 excitati,
2296 2462 2424 2528 prce-

800 2550 1055 2615 potentem
1115 2546 1307 2608 Demn,
1374 2545 1587 2596 Patrem
1648 2544 1923 2607 luminum,
1975 2544 2175 2614 Deiqne
2224 2544 2429 2597 Filium

808 2633 996 2702 Jesnm
1066 2632 1337 2685 Christum
1402 2637 1682 2701 agnoscant
1737 2637 1783 2683 et
1832 2631 2017 2683 colant.
2099 2631 2208 2683 His
2260 2631 2428 2685 comi-

809 2717 964 2769 tibus
1026 2717 1206 2783 pridie
1274 2715 1559 2768 Kalendas
1620 2715 1820 2785 Junias
1883 2734 2033 2768 anno
2089 2723 2218 2784 post
2271 2714 2428 2768 Chri-

813 2812 964 2854 stum
1019 2811 1215 2853 natum
1272 2804 1611 2852 MDXLIX.
1676 2802 1905 2871 perveni
1972 2801 2271 2854 Malacam.

887 2890 995 2941 Vix
1052 2907 1081 2941 e
1145 2889 1273 2942 navi
1335 2890 1760 2951 descenderam,
1830 2906 1958 2941 cum
2029 2889 2430 2942 Lusitanorum

815 2984 1194 3029 mercatorum
1251 2976 1468 3028 litteras
1520 2993 1587 3027 ex
1635 2975 1879 3046 Japonia
1931 2975 2143 3044 accepi,
2197 2994 2264 3028 ex
2314 2975 2430 3044 qui-

814 3063 922 3116 bus
973 3062 1176 3131 agnovi
1221 3061 1535 3131 principem
1588 3062 1892 3131 quemdam
1943 3061 2200 3133 Japoniae
2251 3061 2430 3116 virum
