2639 3798
664 376 849 416 LIBER
886 375 989 416 VII.
1012 390 1083 398 -·
1104 374 1398 415 EPISTOLA
1436 374 1492 414 V.

766 602 1254 666 EPISTOLA
1320 603 1390 664 V.

302 837 379 896 P.
429 835 757 896 Antonio
804 833 1154 895 Gomezio
1206 831 1599 895 Societatis
1643 831 1843 911 Jesu.

326 1064 656 1133 Praecipuam
696 1063 883 1116 suimet
922 1080 1120 1125 eura-m,
1164 1067 1211 1114 et
1250 1066 1520 1114 accuratas
1552 1061 1888 1132 prolixasque

258 1151 315 1203 de
366 1149 538 1202 Sociis
590 1149 788 1202 litteras
840 1148 1075 1218 exposcit.
1151 1149 1235 1200 De
1287 1148 1458 1200 Sociis
1496 1148 1556 1199 in
1592 1143 1892 1218 Japoniam

257 1235 535 1298 mittendis,
583 1236 643 1287 de
687 1235 870 1287 idoneo
922 1235 1214 1286 eorumdem
1260 1234 1501 1303 trajectus
1546 1240 1783 1305 tempore,
1830 1253 1890 1287 ac

257 1323 314 1373 de
358 1321 634 1373 Lusitanis
676 1327 869 1390 quaestu
899 1320 1146 1390 japonico
1190 1320 1491 1373 illiciendis.
1569 1321 1655 1373 De
1701 1321 1888 1374 Como-

256 1409 545 1462 rinensibus
584 1408 872 1477 caeterisque
900 1407 1071 1460 Sociis
1108 1407 1444 1477 singillatim,
1474 1407 1534 1459 de
1562 1406 1762 1461 bonziis
1793 1407 1888 1461 illo

250 1496 705 1567 proficiscentibu8‚
760 1497 819 1548 de
866 1496 1194 1548 observantia
1243 1495 1302 1547 in
1351 1494 1652 1564 superiores,
1705 1494 1890 1548 huma-

256 1584 415 1635 nitate
439 1584 499 1635 in
524 1584 770 1645 subditos,
800 1583 915 1635 acri
941 1583 1175 1636 omnium
1201 1601 1345 1646 eura,
1372 1600 1579 1635 summa
1602 1581 1703 1635 sui.

328 1742 528 1795 Gratia
580 1751 636 1795 et
690 1761 852 1794 amor
915 1741 1130 1795 Christi
1194 1740 1430 1794 Domini
1491 1741 1672 1795 nostri
1734 1740 1886 1797 adsit

258 1845 479 1898 semper
524 1828 690 1882 nobis
735 1828 943 1881 auxilio
990 1836 1045 1881 et
1092 1827 1300 1881 favore.
1387 1830 1592 1881 Amen.

411 2001 647 2041 UONIAM
688 1988 947 2058 epistola,
996 2005 1168 2056 quam
1211 1989 1324 2038 III.
1385 1988 1604 2050 NonaS,
1645 1986 1755 2040 hoc
1796 1996 1882 2040 est

267 1982 396 2152 Q
437 2075 643 2128 nudius
670 2075 890 2138 tertius,
915 2076 987 2128 ad
1015 2092 1117 2127 vos
1145 2074 1529 2127 communiter
1556 2093 1757 2127 omnes
1786 2074 1883 2144 qui

253 2175 282 2208 e
334 2159 622 2213 Societate
677 2163 818 2213 Goae
865 2159 1088 2227 degitis,
1138 2160 1288 2223 dedi,
1335 2167 1456 2214 tam
1509 2161 1728 2228 prolixa
1775 2168 1880 2225 est,

251 2250 479 2316 tamque
541 2248 809 2301 distincte
861 2246 1219 2316 persequitur
1280 2245 1518 2316 singula,
1572 2245 1665 2301 vix
1719 2246 1878 2317 quid-

252 2348 419 2400 quam
461 2342 718 2403 superest
765 2335 918 2404 quod
960 2335 1033 2387 ad
1076 2342 1133 2387 te
1174 2334 1401 2403 proprie
1447 2333 1693 2386 scribam
1735 2353 1876 2403 prae-

252 2422 335 2470 ter
377 2417 486 2473 hoe
532 2438 736 2474 unum:
779 2420 1066 2473 obversari
1108 2428 1167 2473 te
1211 2419 1490 2472 continuo
1538 2420 1716 2472 menti
1762 2438 1878 2472 me-

253 2504 556 2575 moriaeque
597 2515 809 2560 nostrae
823 2526 836 2568 3
892 2526 996 2559 neo
1039 2524 1291 2575 unquam
1337 2523 1561 2559 cessare
1608 2506 1874 2560 affectum

252 2604 437 2644 meum
501 2594 573 2646 ab
636 2594 902 2647 ardenter
970 2593 1225 2662 optando
1288 2600 1403 2645 tuae
1477 2590 1685 2645 animae
1749 2591 1878 2661 plus

250 2678 442 2743 gratiae
480 2699 547 2733 ac
585 2680 873 2749 profectus
912 2679 1240 2750 spiritualiS,
1288 2697 1460 2750 quam
1513 2679 1756 2734 fortasse
1809 2687 1873 2734 tu

252 2760 368 2832 ipse
403 2766 506 2819 tibi
549 2768 764 2838 cupiaS.

320 2852 592 2907 Omnium
646 2857 877 2925 quidem
932 2854 1199 2909 Fratrum
1252 2863 1577 2908 nostrorum
1623 2873 1726 2923 per
1779 2855 1872 2908 In-

252 2935 401 2991 diam
466 2959 812 3010 sparsorum,
879 2962 1021 3013 quos
1071 2943 1176 2996 tibi
1235 2942 1516 3006 commisi,
1575 2959 1768 3011 gerere
1820 2950 1879 2996 te

253 3038 440 3078 curam
529 3029 716 3093 velim,
806 3038 866 3083 ut
949 3030 1020 3083 ad
1106 3028 1515 3098 perfectionem
1593 3027 1880 3083 indefesso

253 3116 599 3170 contendant
661 3118 878 3181 studio;
949 3125 1217 3170 caeterum
1281 3136 1397 3186 prae
1459 3115 1681 3170 cunctis
1734 3115 1880 3171 scito
